2455 4033
1236 188 1361 246 226

915 345 1154 398 Species
1185 343 1458 386 incertae
1489 343 1669 386 sedis:

388 433 575 476 3444biS.
617 432 792 475 Rubus
833 431 1121 475 valentinus
1165 431 1266 475 PAU
1308 431 1409 473 Not.
1443 431 1532 474 bot.
1573 432 1618 483 I,
1663 444 1702 485 p.
1739 431 1816 474 111
1887 432 2059 475 Frutex
2101 432 2355 476 turionibus

241 490 827 543 arcuato—decumbentibus,
860 490 1130 545 pentagonis
1162 489 1576 544 subcanaliculatis,
1609 503 1798 543 superne
1820 490 2148 545 atroviolaceis,
2181 490 2355 534 inferne

241 549 583 606 viridi-glaucis,
616 549 752 591 ramis
783 547 1011 591 fertilibus
1043 548 1311 602 cylindricis,
1345 547 1392 590 in
1413 551 1542 603 parte
1564 547 1763 591 florifera
1784 548 2114 604 subangulatis,
2147 549 2355 604 pulveru-

242 608 390 662 lentis,
423 621 554 663 parce
585 607 751 661 pilosis,
785 607 964 649 aculeos
996 619 1269 661 compressos
1300 609 1459 659 rectos,
1494 619 1682 660 superne
1714 606 1908 650 falcatos
1929 607 2203 662 ferentibus3
2234 607 2356 651 foliis

242 668 404 710 turion.
437 666 654 720 quinatis,
697 678 858 708 ramor.
890 665 1111 708 fertilium
1142 664 1356 718 ternatis,
1400 664 1568 708 foliolis
1600 665 2043 720 obovato-ellipticis,
2087 679 2220 721 saepe
2250 680 2354 710 acu-

240 725 435 777 minatis,
469 723 698 766 terminali
728 724 895 778 majore
928 724 1181 778 orbiculari,
1215 724 1396 779 longius
1417 723 1699 778 petiolulato,
1734 724 1937 767 omnibus
1963 724 2148 768 obscure
2169 725 2354 768 virenti-

240 785 343 837 bus,
385 783 541 826 subtus
573 781 896 836 albicantibus,
937 783 1156 836 dentatis,
1191 781 1402 825 dentibus
1433 783 1692 825 rotundatis
1724 782 2016 826 denticulatis
2047 796 2088 826 v.
2120 796 2355 827 mucronu-

241 842 366 895 latis,
399 840 576 896 petiolis
609 840 852 895 aculeatis3
884 841 1148 895 pedunculis
1179 840 1495 895 pedicellisque
1526 840 1890 895 pubescentibus,
1923 841 2156 896 aculeatis,
2191 842 2355 897 sepalis=

240 900 639 953 albo-tomentosis,
673 899 992 955 eglandulosis,
1026 899 1281 953 inermibus,
1315 903 1416 953 post
1448 900 1571 942 anth.
1600 899 1790 954 reflexis,
1823 900 1991 943 corolla
2021 913 2151 944 rosea
2173 913 2212 943 v.
2236 901 2352 955 alba.

239 972 362 1001 mora
395 958 565 1014 glabra.

383 1018 437 1060 In
468 1030 608 1072 regno
631 1017 811 1060 Valent.
845 1017 909 1073 (in
942 1016 1128 1060 collibus
1165 1017 1421 1073 „Marroyo‘⁵
1459 1030 1522 1071 pr.
1547 1017 1753 1073 Segorbe,
1786 1018 1898 1071 PAU,
1932 1016 2053 1059 (125
2074 1018 2179 1061 Jun.
2205 1018 2349 1074 1886).

297 1099 352 1106 ——
385 1076 439 1130 ἢ.
474 1075 532 1131 (11.
565 1075 638 1132 v.).

748 1163 988 1218 Species
1019 1162 1077 1220 (5³)
1109 1164 1344 1206 nomine
1375 1166 1609 1206 tantum
1639 1167 1838 1207 notae:

383 1252 558 1296 Bubus
593 1252 836 1296 cistoides
868 1252 969 1296 PAU
998 1253 1101 1295 Not.
1134 1253 1220 1306 III,
1253 1266 1294 1307 p.
1329 1253 1407 1295 29!
1468 1254 1523 1295 In
1555 1252 1698 1296 Catal.
1732 1253 1813 1310 (pr.
1846 1253 2097 1309 Moncada).

383 1318 439 1361 R.
470 1318 751 1362 herbaceus
783 1319 883 1362 Pin
914 1319 942 1361 l.
977 1332 1012 1360 c.
1074 1319 1129 1361 In
1162 1332 1303 1375 regno
1335 1319 1516 1362 Valent.
1548 1332 1612 1373 pr.
1645 1319 1875 1375 Lagunas,
1909 1319 2117 1375 Segorbe.

381 1384 436 1427 R.
470 1383 840 1439 segobricensis
873 1384 972 1428 PAU
1003 1385 1031 1427 1.
1055 1399 1090 1428 c.
1144 1386 1199 1428 In
1239 1399 1378 1442 regno
1401 1386 1580 1429 Valent.
1614 1386 1672 1427 ad
1703 1385 1955 1441 Almagran
1987 1384 2068 1441 (pr.
2093 1386 2287 1442 Segorbe
2300 1387 2353 1441 Ρ).

384 1457 571 1500 3447ῦ18.
603 1458 848 1513 Fraqaria
877 1458 1218 1514 Zapateriana
1248 1461 1349 1503 PAU
1379 1460 1480 1502 Not.
1513 1459 1604 1502 bot.
1636 1460 1720 1512 III,
1753 1473 1794 1514 p.
1829 1458 1906 1502 18!
1947 1459 2013 1516 (F.
2045 1473 2214 1515 magna
2245 1460 2353 1502 ZAP.

236 1521 283 1560 et
314 1518 447 1560 Loso.
481 1516 529 1559 in
559 1518 694 1561 Losc.
728 1517 854 1560 Trat.
882 1518 993 1572 supl.
1019 1519 1077 1572 1⁰,
1110 1532 1150 1573 p.
1177 1519 1285 1562 183!
1319 1532 1409 1561 non
1431 1518 1654 1574 Timum).
1706 1517 1950 1573 Estolonis‚
1982 1517 2181 1573 robusta,
2215 1518 2354 1562 cauli-

236 1576 318 1619 bus
360 1574 539 1629 petiolis
580 1576 844 1630 pedunculis
887 1576 1124 1630 nervisque
1167 1576 1364 1633 paginae
1405 1577 1662 1620 foliolorum
1692 1576 1921 1621 inferioris
1953 1578 2164 1631 adpresse
2195 1576 2353 1632 pubes-

236 1634 460 1687 centibus,
504 1634 673 1677 foliolis
715 1634 814 1678 basi
844 1636 1169 1691 integerrimis,
1213 1640 1412 1680 ceterum
1443 1635 1662 1690 dentatis,
1709 1636 1869 1679 subtus
1898 1634 2353 1688 reticulato-venosis.

235 1694 464 1736 terminali
497 1694 915 1748 obovato-cuneato,
949 1694 1216 1738 lateralibus
1248 1695 1423 1749 oblique
1457 1694 1627 1749 ovatis3
1662 1695 1866 1738 caulibus
1887 1694 2092 1750 aphyllis,
2123 1695 2354 1738 involucro

236 1751 416 1807 stipulis
447 1751 556 1794 folio
590 1752 847 1796 carentibus
880 1757 1137 1807 constante,
1180 1753 1347 1797 corolla
1379 1754 1437 1796 23
1457 1767 1546 1796 mm
1578 1755 1710 1796 diam.
1742 1754 1858 1807 lata,
1901 1753 2065 1808 sepalis
2096 1757 2198 1808 post
2228 1753 2353 1796 anth.

233 1812 407 1855 erectis.

380 1871 436 1914 In
466 1872 665 1926 Aragon.
699 1876 840 1914 austr.
873 1871 954 1928 (pr.
987 1870 1268 1925 Albarracin,
1303 1871 1505 1927 ZAPAT.)
1540 1896 1595 1902 —-
1628 1881 1674 1923 21.
1707 1872 1766 1928 (n.
1800 1871 1874 1928 v.).

383 1943 513 1987 3450.
544 1942 818 1987 Potentilla
849 1944 1256 2000 Fraqariastrum
1277 1945 1426 1987 Enim.
1476 1944 1602 1987 Adde
1633 1944 1731 1987 loca
1753 1944 1919 1987 Catal.:
1951 1945 2000 1987 in
2032 1943 2157 1988 silvis
2179 1957 2214 1987 c.
2239 1945 2356 2000 Olot,

237 2002 330 2045 Sta.
362 2002 648 2058 Magdalena,
682 2002 927 2046 Guillerias
959 2017 1096 2057 usque
1129 2004 1187 2046 ad
1218 2005 1285 2047 La
1318 2003 1487 2046 Sellera
1519 2002 1719 2060 (VAYR.)

383 2075 511 2119 3451.
544 2075 821 2120 Potentilla
860 2077 1149 2121 micrantha
1179 2078 1327 2121 RAMD.
1390 2078 1608 2121 Provenit
1648 2090 1805 2122 revera
1846 2078 1894 2119 in
1936 2076 2080 2119 Catal.
2112 2077 2353 2131 pyrenaica

236 2134 385 2189 (Valle
418 2136 472 2177 de
494 2138 631 2190 Aran,
666 2137 858 2190 TIMBAL,
891 2137 939 2178 in
971 2136 1096 2179 silvis
1127 2150 1191 2191 pr.
1215 2137 1306 2179 Las
1327 2136 1572 2180 Guillerias
1603 2149 1759 2180 versus
1780 2136 1974 2180 Monsoli
2005 2139 2051 2178 et
2071 2135 2352 2191 Espinelhas,

236 2194 398 2247 Vua,
431 2207 495 2248 pr.
529 2195 570 2237 S.
604 2194 791 2238 Llorens
823 2196 876 2238 de
909 2196 1119 2250 Cerdans,
1154 2194 1326 2252 Come).

384 2267 512 2310 3452.
545 2267 820 2312 Potentilla
851 2269 1123 2323 splendens
1154 2271 1305 2312 RAMD.
1368 2269 1495 2312 Adde
1538 2269 1636 2311 loca
1668 2269 1833 2312 Catal.:
1877 2269 1926 2310 in
1955 2272 2107 2311 monte
2139 2269 2353 2322 Monseny

236 2326 290 2368 de
323 2326 413 2368 San
444 2326 614 2369 Marsal
647 2329 674 2370 a
704 2327 773 2370 las
804 2329 992 2383 Agudas
1025 2329 1205 2384 (Taum,
1238 2328 1419 2384 Vua),
1452 2327 1584 2371 Valle
1617 2328 1670 2371 de
1702 2329 1829 2371 Aran
1861 2326 2049 2383 (Cone).

382 2400 511 2442 3454.
535 2401 811 2444 Potentilla
831 2400 1015 2444 nivalis
1038 2403 1149 2445 LAP.
1184 2402 1391 2445 Occurrit
1411 2403 1547 2445 etiam
1569 2402 1617 2443 in
1634 2400 1845 2444 Cantabr.
1864 2401 1929 2457 (in
1948 2400 2132 2443 montib.
2151 2414 2186 2444 c.
2205 2400 2353 2454 Aliva,

235 2459 364 2513 Lm,
397 2460 523 2514 LEv.,
560 2458 691 2516 1879)
724 2463 771 2503 et
801 2473 940 2516 regno
972 2460 1155 2503 Valent.
1188 2461 1355 2517 (Sierra
1387 2461 1441 2503 de
1472 2461 1601 2514 Pina,
1634 2459 1763 2516 PAU).

383 2516 615 2561 Observ.
669 2518 731 2562 Ol.
765 2519 865 2563 PAU
896 2520 1014 2577 (Not.
1047 2519 1138 2563 bot.
1170 2520 1231 2574 II,
1265 2533 1306 2574 p.
1329 2519 1424 2576 241)
1456 2519 1572 2562 hanc
1603 2519 1794 2573 speciem
1824 2518 1891 2561 nil
1920 2518 2009 2561 nisi
2039 2518 2090 2560 P.
2123 2517 2354 2562 caules-

291 2577 487 2620 centis
518 2576 567 2619 L.
600 2576 790 2620 formam
822 2591 918 2621 esse
952 2581 1114 2621 censet.

382 2649 511 2692 3455.
544 2651 821 2695 Potentilla
852 2651 1250 2696 alchemilloides
1271 2653 1383 2695 LAP.
1435 2652 1652 2694 Provenit
1683 2664 1855 2706 quoque
1885 2651 1934 2693 in
1954 2650 2166 2694 Cantabr.
2190 2649 2352 2707 (Guip.,

235 2709 285 2750 in
305 2709 430 2751 Pena
462 2709 515 2751 de
535 2710 740 2753 Aizcorri
771 2710 852 2753 alt.
876 2710 992 2753 1450
1011 2724 1068 2765 m,
1101 2713 1307 2765 BARBEY,
1343 2709 1486 2766 1883).
1532 2711 1589 2753 In
1609 2711 1771 2764 Pyren.
1794 2710 1932 2765 Arag.
1957 2710 2095 2753 etiam
2115 2722 2180 2764 pr.
2203 2709 2355 2753 Bielsa

236 2767 430 2823 (CAMPo)
462 2771 507 2810 et
539 2769 620 2811 int.
654 2768 900 2812 Panticosa
933 2773 979 2812 et
1009 2770 1067 2813 El
1099 2770 1359 2826 Zaraguala
1391 2768 1623 2826 (TIMBAL).

382 2839 510 2882 3456.
542 2841 820 2885 Potentilla
850 2844 1063 2898 reptans
1095 2843 1144 2885 L.
1208 2844 1358 2886 Adde:

425 2916 466 2955 y.
500 2900 571 2941 mi
580 2899 806 2967 ’nor-DC.
839 2902 995 2944 Prodr.
1028 2903 1087 2956 H,
1121 2916 1161 2957 p.
1195 2902 1305 2945 574!
1339 2901 1543 2945 omnibus
1574 2900 1779 2955 partibus
1811 2901 1967 2955 minor,
2001 2899 2124 2944 foliis
2155 2900 2354 2944 breviter

382 3015 438 3058 In
469 2958 764 3070 pffigffossagdit.
788 3017 853 3074 (in
875 3018 1024 3062 Sierra
1049 3020 1121 3062 del
1142 3019 1284 3063 Pinar
1306 3032 1441 3073 supra
1462 3018 1807 3072 Benamahoma,
1839 3019 1952 3061 PER.
1976 3017 2138 3074 LARA).
2190 3018 2353 3061 Forma

293 3073 446 3128 typica
477 3088 512 3117 c.
546 3077 677 3119 Jerez
710 3076 840 3132 (PER.
873 3078 1025 3134 LARA)
1059 3081 1104 3121 et
1136 3078 1354 3122 Sanli'icar
1385 3076 1563 3135 (Com.)
1594 3076 1767 3120 crescit.

382 3148 569 3193 34591212.
602 3149 880 3194 Potentilla
912 3151 1226 3206 grandinera
1256 3153 1307 3195 L.
1341 3150 1445 3194 Ood.
1478 3163 1520 3193 11.
1544 3150 1684 3194 38001
1717 3150 1802 3194 GR.
1826 3150 1970 3199 Gonu.
2002 3150 2031 3192 1.
2054 3163 2090 3193 0.
2112 3151 2148 3204 Ι,
2180 3163 2221 3204 p.
2243 3149 2350 3192 526!

235 3206 448 3251 Caulibus
480 3209 642 3251 erectis
673 3211 861 3253 ramosis
895 3210 1069 3253 10——14
1091 3224 1159 3254 cm
1191 3211 1234 3265 l.,
1267 3210 1452 3263 villosis,
1485 3208 1752 3264 plurifloris3
1789 3208 1912 3252 foliis
1943 3209 2077 3264 longe
2108 3208 2350 3263 petiolatis,

234 3263 402 3319 petiolo
435 3266 731 3320 subadpresse
754 3267 910 3323 piloso,
943 3268 1111 3313 foliolis
1143 3268 1299 3324 ternis,
1334 3267 1765 3322 obovato-cuneatis,
1799 3268 1948 3311 antice
1970 3267 2183 3321 dentatis,
2215 3280 2351 3322 supra

160 3326 166 3330 ‘
236 3323 421 3367 obscure
451 3324 702 3369 virentibus
733 3339 864 3380 parce
895 3327 1062 3382 pilosis,
1097 3328 1257 3372 subtus
1288 3327 1492 3381 sericeis3
1522 3326 1707 3370 floribus
1739 3329 1812 3369 sat
1842 3325 2033 3382 magnis,
2064 3325 2229 3381 phyllis
2260 3326 2351 3380 epi-

234 3382 402 3436 calycis
443 3383 693 3438 sepalisque
732 3385 998 3428 lanceolatis
1035 3388 1203 3441 acutis,
1244 3385 1468 3441 prioribus
1499 3385 1796 3439 brevioribus,
1838 3384 2003 3439 petalis
2033 3384 2184 3438 calyce
2215 3383 2350 3439 duplo

234 3440 427 3495 triplove
459 3441 762 3498 longioribus3
794 3443 972 3487 nuculis
1003 3445 1196 3500 rugosis,
1230 3444 1415 3501 glabris.
1448 3468 1504 3475 —
1534 3443 1752 3487 Rhizoma
1784 3444 1958 3498 durum,
1989 3442 2275 3498 subsimplex.

380 3500 437 3543 In
466 3500 627 3555 Pyren.
652 3500 796 3544 Catal.
828 3503 878 3545 in
908 3503 1112 3546 confiniis
1140 3503 1318 3547 Galliae
1350 3503 1432 3560 (pr.
1454 3503 1522 3546 La
1545 3503 1745 3558 Manera,
1778 3502 1820 3546 S.
1843 3501 2030 3546 Llorens
2061 3502 2116 3545 de
2138 3500 2349 3555 Oerdans,

293 3557 466 3614 Coun).
500 3583 555 3590 —
588 3570 633 3611 ιι.
667 3560 773 3615 Jul.‚
805 3561 923 3616 Aug.
957 3562 1016 3618 (n.
1049 3562 1122 3619 v.).

381 3617 497 3660 Hab.
529 3616 579 3660 in
609 3618 769 3672 Pyren.
803 3622 850 3662 et
879 3619 1082 3674 Alpibus,
1115 3620 1292 3664 Sibiria.

382 3690 510 3733 3460.
542 3690 817 3735 Potentilla
854 3692 1051 3736 cinerea
1080 3694 1241 3737 CnAlx.
1272 3702 1314 3749 β.
1346 3692 1461 3736 tris
1469 3692 1660 3735 oliata
1690 3692 1837 3735 Punx.
1900 3691 2130 3736 Observ.
2168 3691 2351 3735 ,Nomen

235 3749 502 3791 mutandum
531 3748 579 3791 in
599 3749 650 3794 P.
673 3754 908 3794 arenaria
927 3752 1108 3796 Bomffl.
1131 3765 1266 3806 quum
1292 3753 1429 3806 stirps
1449 3751 1682 3805 hispanica
1702 3751 1762 3794 ad
1781 3750 1898 3793 hanc
1918 3762 2060 3804 neque
2081 3749 2140 3792 ad
2160 3749 2352 3804 speciem

236 3805 289 3847 cl.
313 3804 459 3850 Cfflux
480 3808 528 3850 in
549 3807 771 3864 Hispania
792 3821 883 3852 non
903 3810 1239 3864 provenientem
1259 3810 1498 3865 pertineat.
1551 3809 1601 3852 P.
1625 3809 1834 3852 arenaria
1854 3809 2046 3862 Belum„
2068 3808 2118 3851 in
2136 3805 2350 3859 BohemIa
