2455 4033
1211 55 1252 96 XT

163 206 310 259 5570
348 204 658 270 plantarum
698 202 1062 256 vascularium
1095 201 1150 254 in
1178 202 1449 269 Hispania
1475 205 1861 270 provenientes
1891 207 2141 274 cognitae
2169 209 2295 262 sint.

158 302 435 356 Generum
487 315 742 352 numerus
794 298 1084 365 generibus
1128 301 1196 352 18
1238 303 1404 352 antea
1455 300 1510 352 in
1550 300 1820 366 Hispania
1869 303 2102 355 nondum
2153 306 2297 358 notis

160 401 354 451 auctus
396 399 496 449 est.
565 395 921 448 Nihilominus
957 410 1272 460 persuasum
1302 396 1492 463 habeO,
1534 397 1636 449 hoc
1663 397 2093 463 supplementum
2122 401 2297 464 quoad

163 493 412 560 stirpium
461 492 516 544 in
557 491 825 558 Hispania
873 491 1151 556 hucusque
1204 507 1403 545 revera
1455 492 1792 560 cognitarum
1845 510 2118 547 numerum
2161 496 2297 549 satis

155 589 542 655 incompletum
595 604 743 655 esse,
800 588 944 653 quod
993 587 1161 640 libros
1215 591 1271 639 et
1325 587 1741 643 dissertationes
1799 607 2007 657 omneS,
2061 591 2153 644 ubi
2204 592 2297 644 de—

162 685 488 753 scriptiones
539 686 629 739 vel
679 684 887 738 indices
940 683 1251 749 plantarum
1303 683 1707 749 hispanicarum
1756 687 1998 739 contenti
2037 692 2165 740 sunt
2204 693 2299 741 aut

165 783 407 836 contenti
448 798 568 835 esse
607 785 854 848 possunt,
898 796 1215 846 comparare
1254 780 1384 832 mihi
1423 797 1529 833 non
1555 781 1724 834 licuit.
1788 783 2097 836 Notandum
2125 785 2299 837 adhuc

96 873 104 882 ⁴
166 883 273 946 est,
326 895 411 932 me
462 878 517 931 in
567 877 871 931 indicandis
921 877 1055 930 locis
1095 876 1372 929 natalibus
1412 878 1721 944 plantarum
1760 880 2153 933 recensitarum
2193 864 2300 934 non

158 976 269 1030 nisi
307 975 404 1028 illa
442 975 732 1041 recepisse,
775 974 916 1027 unde
958 978 1054 1026 aut
1092 973 1388 1039 specimina
1428 974 1629 1040 speciei
1669 975 1926 1028 laudatae
1960 981 2087 1029 ante
2117 978 2300 1030 oculos

155 1073 438 1126 habuerim
492 1078 588 1125 aut
639 1087 776 1137 quae
832 1087 864 1123 a
914 1070 1184 1124 botanicis
1238 1070 1375 1124 satis
1429 1071 1624 1137 peritis
1666 1076 1722 1124 et
1763 1073 1973 1126 omnino
2014 1074 2299 1142 fidedignis

158 1171 292 1222 data
331 1169 462 1222 sint.
530 1169 732 1222 Restat
771 1171 834 1221 ut
871 1167 1006 1222 viris
1046 1167 1499 1233 praeclarissimis
1540 1168 1631 1233 qui
1668 1169 1724 1221 in
1764 1170 2093 1224 elaborando
2136 1187 2300 1237 opere

112 1304 120 1313 .
153 1283 240 1319 me
280 1267 712 1335 adjuvaverunt,
772 1281 840 1317 ex
879 1263 1066 1318 intimo
1110 1265 1274 1317 corde
1315 1264 1633 1330 sinceroque
1674 1266 1849 1318 animo
1892 1268 2101 1334 gratias
2144 1284 2301 1333 quam

153 1363 419 1417 maximas
447 1348 648 1430 agam.
729 1362 886 1414 Inter
937 1377 1070 1426 quos
1121 1361 1367 1427 inprimis
1419 1378 1502 1414 me
1552 1363 1711 1415 decet
1750 1363 2026 1417 nominare
2067 1365 2298 1420 amiciss

158 1451 419 1514 JOA'NNEM
457 1460 670 1526 LANGE,
721 1458 1087 1525 professorem
1127 1458 1499 1512 Havniensem
1554 1460 1857 1527 emeritum,
1909 1461 1999 1526 qui
2039 1463 2299 1515 observa-

154 1556 398 1609 tionibus
427 1556 538 1610 suis
568 1560 625 1609 et
651 1554 919 1608 indicibus
947 1554 1387 1621 locupletissimis
1415 1556 1654 1609 locorum
1681 1573 1943 1610 novorum
1967 1558 2301 1624 omniumque

154 1654 471 1721 plantarum
512 1669 544 1705 a
586 1652 649 1705 cl.
680 1653 824 1705 DIEK
862 1652 1125 1705 lectarum
1168 1668 1374 1705 mecum
1416 1654 1820 1707 communicatis
1860 1655 2101 1707 laborem
2127 1672 2302 1708 meum

157 1749 391 1802 maxime
420 1749 656 1818 juvavit,
701 1749 765 1802 cl.
796 1749 1119 1802 RIOHARDUM
1144 1767 1213 1802 DE
1239 1749 1581 1816 WETTSTEIN,
1625 1751 1908 1804 botanices
1936 1751 2301 1817 professorem

155 1848 496 1915 Pragensem
537 1851 594 1899 et
631 1845 874 1899 instituti
914 1845 1156 1899 botanici
1195 1846 1536 1913 directorem,
1580 1847 1671 1912 qui
1709 1848 2041 1901 bibliotheca
2081 1855 2137 1901 et
2175 1849 2300 1901 her-

163 1944 318 1997 bario
347 1944 505 2012 hujus
531 1943 774 1997 instituti
801 1944 989 1996 utendi
1018 1959 1223 1997 summa
1252 1959 1368 1996 cum
1391 1943 1728 1997 liberalitate
1749 1944 1878 1997 mihi
1899 1945 2050 1998 dedit
2070 1945 2298 2012 veniam,

154 2041 370 2111 pariter
393 2044 557 2106 atque
581 2040 644 2093 cl.
663 2041 949 2094 JOSEPHUM
967 2040 1171 2107 FREYN,
1191 2040 1503 2093 botanicum
1521 2041 1857 2109 Pragensem
1876 2042 2298 2109 celeberrimum,

159 2138 404 2192 herbarii
432 2138 717 2205 speciebus
744 2137 1162 2191 mediterraneis
1191 2137 1443 2191 ditissimi
1469 2154 1841 2204 possessorem
1864 2142 1921 2191 et
1940 2138 2106 2191 florae
2134 2139 2301 2191 medi-

167 2240 464 2289 terraneae
506 2235 910 2302 exploratorem
948 2234 1334 2301 peritissimum
1375 2240 1432 2287 et
1470 2234 1910 2302 oculatissimum,
1950 2252 2113 2302 porro
2153 2235 2301 2289 viros

159 2332 536 2386 meritissimos
574 2333 689 2401 Jam
732 2336 1177 2386 commemoratos
1224 2332 1578 2398 CASAVIELLA,
1631 2332 1882 2398 HACKEL,
1930 2333 2300 2394 HEGELMAIER,

166 2430 376 2496 HuTER,
408 2429 660 2495 LAcAITA,
690 2429 932 2495 LAGUNA,
962 2429 1514 2496 1113310301113,ΙιΕνΙΕΒ7
1538 2430 1668 2496 PAU,
1693 2430 2074 2495 PEREz-LARA,
2097 2430 2300 2496 Pom-A,

161 2527 522 2594 REVERCHON,
566 2527 741 2594 Rom,
784 2526 1000 2580 SEOANE
1042 2530 1099 2580 et
1136 2526 1411 2592 VAYREDA,
1454 2525 1544 2592 qui
1583 2526 1895 2592 plantarum
1937 2525 2299 2592 collectiones,

161 2639 331 2690 opera
371 2623 444 2675 ab
487 2623 564 2676 eis
605 2623 673 2677 de
699 2623 836 2676 flora
861 2623 1147 2690 hispanica
1175 2623 1325 2676 edita
1353 2627 1410 2675 et
1438 2622 1852 2677 observationes
1880 2623 2302 2690 pretiosissimas

156 2736 364 2774 mecum
408 2703 964 2787 communicaverunt,
1015 2736 1117 2774 nec
1154 2736 1262 2773 non
1302 2720 1505 2774 JULIUM
1543 2721 1885 2787 HENRIQUES,
1926 2719 2209 2773 botanices
2248 2719 2304 2772 in

161 2817 546 2871 Universitate
595 2817 1020 2871 Conimbricensi
1073 2817 1437 2883 professorem
1489 2817 1939 2884 illustrissimum,
1993 2818 2032 2871 J
2036 2833 2305 2878 OAQUINUM

159 2931 228 2966 DE
267 2914 470 2981 MAmz,
528 2914 771 2968 herbarii
812 2913 1266 2968 Conimbricensis
1316 2913 1705 2980 inspectorem,
1759 2913 2029 2966 XAVERUM
2067 2914 2304 2966 PEREIRA

143 3009 457 3077 Cosmum,
493 3010 778 3065 botanices
804 3011 861 3064 in
888 3011 1075 3064 schola
1101 3010 1484 3078 polytechnica
1513 3010 1916 3077 Olisipponensi
1941 3010 2305 3076 professorem

159 3110 220 3158 et
258 3107 313 3160 J.
355 3107 607 3175 DAVEAU,
648 3107 795 3161 horti
836 3107 1270 3174 Olisippon'ensis
1310 3107 1698 3175 inspectorem,
1741 3123 1924 3160 omnes
1965 3110 2198 3172 quatuor
2237 3106 2304 3158 de

160 3202 300 3256 flora
337 3202 632 3257 lusitanica
671 3204 872 3271 optime
913 3204 1154 3270 meritos,
1197 3204 1288 3270 qui
1328 3208 1388 3257 et
1414 3203 1894 3258 dissertationibus
1923 3201 2304 3256 eruditissimis

159 3302 219 3351 et
271 3299 476 3366 plantis
535 3299 871 3354 transmissis
927 3300 1111 3355 studia
1161 3318 1282 3354 mea
1335 3301 1402 3354 de
1452 3300 1590 3354 flora
1640 3300 1924 3368 hispanica
1974 3314 2304 3367 magnopere

161 3393 437 3463 foverunt,
480 3396 710 3462 denique
737 3397 887 3451 viros
915 3397 1417 3465 reverendissimOS,
1459 3397 1498 3451 J
1501 3414 1715 3451 OANNEM
1741 3397 2006 3463 HERVIER,
2049 3396 2303 3448 abbatem

165 3491 442 3560 gallicum,
485 3494 577 3558 qui
617 3509 785 3560 opera
823 3494 1130 3561 rarissima,
1178 3494 1491 3560 plantarum
1529 3493 1759 3560 indices,
1801 3493 2044 3559 plantas,
2085 3491 2302 3544 litteras

159 3591 220 3640 et
267 3591 430 3642 notas
480 3589 700 3643 maximi
750 3590 955 3645 valoris
1006 3590 1135 3643 mihi
1173 3589 1513 3656 procuravit,
1570 3594 1627 3643 et
1666 3590 2001 3642 BERNARDUM
2039 3588 2300 3652 ZAPATER,

159 3684 478 3738 canonicum
519 3686 1040 3754 albarracinensem,
1096 3686 1188 3752 qui
1226 3687 1448 3752 plantas
1487 3686 1544 3739 in
1586 3684 1868 3753 Aragonia
1908 3682 2138 3736 australi
2175 3697 2302 3748 per-
