2455 4033
1265 109 1342 162 68

436 285 475 322 y.
511 264 857 308 cantabrica
891 261 993 303 WK.
1028 261 1196 303 Illustr.
1231 261 1296 308 Π,
1330 274 1369 314 p.
1406 260 1509 315 108,
1549 260 1639 303 tab.
1675 259 1793 303 CLII
1826 260 1921 315 (pro
1955 261 2097 314 specie
2113 260 2160 316 l),
2195 261 2359 304 cortice

511 325 669 379 griseO,
703 322 824 364 foliis
856 332 1010 362 versus
1042 319 1315 362 ramulorum
1348 320 1516 372 apicem
1551 318 1859 373 subrosulatis,
1893 319 2129 362 racemulis
2161 319 2360 361 axillari-

508 383 589 424 bus
623 381 794 433 erectis,
826 379 1020 421 bracteis
1052 377 1158 420 flore
1191 378 1331 420 multo
1364 377 1654 431 brevioribus,
1688 377 1919 432 perigonio
1953 376 2067 419 5-6
2088 391 2178 420 mm
2209 377 2357 433 longo,

511 440 674 483 semine
708 437 1087 492 oblongo-conico.

392 499 446 541 111
478 498 703 541 montibus
727 495 1007 538 Cantabricis
1038 495 1085 536 in
1118 495 1290 537 saxosis
1321 494 1519 549 regionis
1547 493 1724 547 alpinae
1746 493 1912 547 passim
1933 493 2081 545 (Picos
2104 493 2157 536 de
2179 494 2361 548 Europa

303 572 366 612 pr.
390 558 535 612 Aliva,
567 557 650 599 int.
674 555 784 597 Alar
816 554 886 596 del
918 554 1014 608 Rey
1046 558 1092 595 et
1117 554 1387 607 Monastero,
1421 552 1681 606 LERESCHE,
1715 551 1920 595 LEVIER!
1953 553 2043 596 Jul.
2068 551 2194 607 1878,
2230 552 2357 609 1879,

308 618 430 659 Pena
463 616 515 657 de
547 614 760 667 Aizcorri,
794 612 999 666 BARBEY,
1034 610 1179 668 1883).

393 674 622 717 Observ.
681 672 743 714 01.
776 672 1070 714 MIEGEVILLE
1103 670 1167 726 (in
1199 669 1316 712 Bull.
1351 682 1436 712 soc.
1469 668 1559 711 bot.
1593 669 1779 724 France,
1815 666 1941 723 1888,
1975 682 2016 723 p.
2050 667 2178 724 1481)
2211 669 2358 712 obser-

302 732 557 775 vationibus
588 730 767 773 iteratis
799 730 981 772 edoctus
1014 733 1094 783 est,
1128 730 1181 771 D.
1211 728 1420 783 Philippi,
1455 728 1529 780 qui
1560 727 1607 769 in
1638 727 1800 781 Pyren.
1833 727 2022 783 gallicis,
2054 727 2131 771 ubi
2163 727 2217 769 D.
2239 728 2359 782 Lau-

302 791 422 833 reola
462 790 688 844 abundat,
731 801 902 842 semper
932 788 980 829 in
1012 787 1107 843 ejus
1139 787 1361 830 consortio
1395 786 1574 841 crescit,
1618 785 1682 827 nil
1714 798 1829 839 esse,
1873 787 1961 829 nisi
1992 786 2195 841 plantam
2226 785 2359 841 hujus

301 849 460 903 speciei
492 847 708 894 fertilem,
752 848 780 889 i.
814 860 849 889 e.
883 846 1106 901 plantam,
1147 846 1273 900 cujUs
1305 845 1467 888 baccae
1500 844 1670 887 semina
1702 845 2045 899 germinationis
2075 845 2121 888 vi
2151 844 2358 899 praedita

300 907 545 961 proferunt.
607 906 645 948 E
684 906 909 948 contrario
948 905 1118 947 semina
1153 905 1391 947 baccarum
1427 904 1611 957 plantae
1648 901 1950 958 grandifiorae
1985 904 2056 959 (D.
2089 903 2357 960 Laureolae)

300 979 389 1008 non
431 966 700 1021 germinant.
765 964 1057 1017 Quamobrem
1099 965 1152 1006 D.
1186 963 1381 1016 Philippi
1424 963 1500 1004 Vix
1542 962 1741 1005 varietas
1773 962 1826 1004 D.
1860 962 2109 1005 Laureolae
2154 962 2355 1006 dicenda.

300 1026 352 1067 D.
387 1024 647 1066 cantabrica
679 1036 798 1065 nunc
828 1022 936 1064 mihi
968 1022 1033 1064 nil
1064 1022 1152 1064 nisi
1179 1021 1323 1064 forma
1345 1020 1566 1075 humilior,
1599 1019 1853 1075 parvifolia,
1887 1021 2280 1076 griseo-corticata
2311 1026 2358 1065 et

299 1084 485 1125 racemis
519 1083 677 1125 erectis
709 1082 914 1135 praedita
947 1082 999 1123 D.
1024 1080 1272 1123 Laureolae
1305 1093 1399 1122 esse
1432 1080 1623 1123 videtur.
1671 1079 1903 1122 Botanicis
1934 1079 2177 1134 hispanicis
2209 1080 2356 1122 obser-

299 1142 494 1184 vandum
525 1141 827 1194 relinquimus,
861 1153 967 1182 num
999 1140 1052 1182 D.
1077 1139 1337 1181 cantabrica
1371 1139 1430 1181 sit
1460 1138 1619 1192 planta
1650 1138 1704 1181 D.
1729 1137 1975 1181 Laureolae
2006 1137 2172 1181 fertilis
2204 1151 2356 1183 necne.

391 1214 515 1256 1157.
549 1213 755 1268 Daphne
776 1213 1051 1256 Mezereum
1071 1212 1121 1254 L.
1160 1212 1387 1265 Frequens
1408 1212 1456 1253 in
1478 1211 1639 1265 Pyren.
1664 1209 1959 1254 Catalauniae
1983 1210 2103 1267 (inde
2125 1224 2152 1253 a
2173 1212 2357 1266 regione

240 1273 392 1327 alpina
423 1285 561 1326 usque
593 1273 650 1314 ad
682 1272 721 1314 8.
745 1271 856 1326 Pau,
890 1272 1128 1324 Frexanet,
1152 1271 1259 1314 Vall
1288 1271 1341 1313 de
1363 1270 1485 1313 Bach
1518 1270 1812 1323 descendens,
1844 1270 1892 1312 in
1922 1269 2107 1313 montib.
2132 1283 2165 1313 0.
2190 1270 2357 1326 Ciuret,

240 1333 495 1385 Platraver,
539 1331 846 1385 Collsacabra.
880 1329 1058 1385 Vua).
1120 1331 1175 1372 In
1207 1330 1368 1384 Pyren.
1402 1329 1661 1384 Aragoniae
1703 1332 1748 1370 et
1790 1328 2022 1372 Navarrae
2066 1328 2146 1384 (pr.
2179 1328 2353 1384 Betelu,

240 1390 422 1446 CASAV.)
454 1395 500 1433 et
531 1393 692 1432 catena
725 1388 985 1431 cantabrica
1016 1401 1120 1430 rara
1143 1401 1238 1431 esse
1260 1388 1450 1431 videtur.
1498 1387 1731 1431 Iudicatur
1754 1387 1892 1429 etiam
1912 1401 1939 1429 a
1962 1387 2178 1431 commiss.
2201 1386 2355 1443 forest.

237 1450 283 1491 in
316 1451 453 1504 Arag.
477 1448 667 1492 australi
700 1447 838 1504 (prov.
863 1446 1079 1502 Turdet.)
1104 1472 1158 1478 —
1181 1446 1355 1502 Vulgo:
1395 1446 1754 1502 „Olivereta“
1782 1445 1976 1502 (Catal.),
2015 1447 2351 1502 ,1100010011ιι

237 1509 374 1563 Arag.

385 1580 510 1623 1160.
544 1580 754 1634 Daphne
787 1578 1005 1623 oleoides
1029 1578 1077 1621 L.
1111 1587 1151 1632 β.
1183 1578 1473 1634 jasminea
1495 1579 1685 1621 MEIssn.
1738 1579 1955 1621 Provenit
1987 1579 2124 1621 etiam
2145 1579 2193 1620 in
2215 1591 2354 1634 regno

236 1639 415 1683 Valent.
450 1640 616 1696 (Sierra
648 1639 838 1682 Maricla
869 1639 926 1681 ad
959 1638 1037 1681 alt.
1072 1637 1365 1680 1700-—2000
1395 1651 1451 1693 m,
1485 1638 1645 1680 PORTA
1677 1641 1722 1680 et
1753 1637 1884 1692 Rmo,
1918 1638 2023 1681 Jun.
2059 1636 2203 1692 1890).

386 1719 510 1762 1162.
544 1719 845 1774 Thymelaea
875 1718 1143 1762 Passerina
1175 1718 1261 1774 (L.)
1295 1717 1406 1761 LGE.
1458 1718 1674 1760 Abundat
1705 1718 1752 1760 in
1784 1718 1909 1773 agris
1930 1718 2131 1773 Aragon.
2165 1718 2353 1761 austral.

238 1780 288 1835 (c.
312 1779 550 1833 Chiprana,
584 1778 842 1831 Torrecilla,
866 1776 1191 1832 Valdealgorfa
1225 1782 1270 1820 et
1302 1777 1423 1831 alibi,
1457 1778 1609 1820 Losc.!
1644 1777 1818 1831 PARDO)
1851 1781 1897 1820 et
1926 1776 2163 1820 Catalaun.
2188 1776 2354 1821 litoral.

236 1838 431 1894 (Vim).
493 1839 546 1881 In
578 1850 699 1891 prov.
732 1837 931 1880 Malacit.
971 1842 1052 1892 (pr.
1086 1836 1311 1891 Cartama,
1345 1837 1655 1879 REVEROHON!
1692 1834 1836 1890 1889).

385 1918 510 1961 1166.
545 1916 846 1972 Thymelaea
878 1916 1156 1960 thesioides
1191 1917 1341 1973 (LAM.)
1374 1916 1517 1959 ENDL.
1580 1916 1636 1958 In
1674 1928 1813 1971 regno
1845 1915 2025 1958 Valent.
2060 1915 2351 1971 (Monlucher,

237 1978 384 2021 810110
407 1978 460 2020 de
482 1978 646 2032 Ayora,
680 1977 841 2020 PORTA
863 1981 908 2019 et
928 1976 1059 2030 Rrec,
1093 1975 1212 2030 Majo
1237 1974 1364 2029 1891,
1399 1987 1488 2018 exs.
1512 1988 1554 2017 n.
1579 1973 1684 2017 132!
1718 1987 1782 2028 pr.
1806 1974 2013 2029 Rotoval,
2047 1975 2181 2028 DOEK,
2208 1974 2352 2031 1892).

382 2036 614 2080 Observ.
662 2035 855 2078 Plantae
888 2035 969 2078 sub
1001 2048 1118 2077 num.
1145 2034 1259 2076 1165
1282 2038 1327 2076 et
1349 2033 1463 2076 1166
1495 2036 1784 2076 enumeratae
1816 2046 1871 2075 ex
1891 2046 1990 2076 mea
2013 2033 2240 2076 sententia
2262 2046 2352 2076 non

292 2096 494 2150 proprias
533 2095 702 2137 sistunt
743 2095 910 2148 species
944 2093 1018 2136 sed
1050 2094 1200 2147 potius
1232 2093 1478 2135 varietates
1511 2097 1592 2135 aut
1623 2092 1875 2146 subspecies
1907 2092 2068 2146 speciei
2101 2093 2350 2145 sequentis:

379 2153 676 2208 Thymelaea
705 2153 983 2207 pubescens
1006 2152 1162 2207 (Asso)
1183 2152 1375 2195 Mmssn.
1401 2164 1469 2205 ap.
1493 2151 1582 2194 DC.
1606 2151 1760 2194 Prodr.
1785 2151 1904 2206 XIV,
1937 2164 1978 2204 p.
2003 2150 2111 2193 558!
2145 2151 2351 2208 (Daphne

231 2212 475 2266 pubescens
514 2213 633 2255 Asso
672 2213 836 2255 Mant.!
880 2212 1017 2254 etiam
1056 2211 1185 2253 LmN.
1225 2211 1328 2253 Cod.
1372 2209 1520 2253 2819‘?
1567 2235 1618 2240 —
1661 2210 1903 2252 Passerina
1942 2208 2213 2264 Thymelaea
2245 2209 2350 2252 WK.

233 2272 344 2314 Sert.
378 2285 418 2326 p.
454 2271 539 2313 136
571 2276 617 2314 et
646 2271 704 2325 pl.
739 2283 827 2313 exs.
854 2269 969 2313 1850
1000 2283 1041 2311 n.
1066 2269 1181 2325 374).
1245 2269 1456 2311 Proxima
1487 2269 1590 2311 huic
1622 2269 1783 2322 speciei
1815 2271 1884 2311 est
1916 2268 2008 2311 Th.
2042 2268 2348 2322 elliptica,

231 2344 342 2384 quae
374 2343 463 2372 non
495 2331 582 2372 nisi
613 2329 734 2372 foliis
768 2328 962 2372 caulium
995 2328 1166 2371 obtusis
1199 2328 1435 2371 latioribus
1467 2333 1512 2370 et
1543 2327 1765 2383 perigonii
1797 2326 1909 2369 lobis
1940 2327 2218 2371 brevioribus
2240 2327 2350 2369 tubo

233 2390 448 2432 crassiore
480 2388 659 2431 differre
692 2392 737 2431 et
768 2392 923 2442 typum
947 2387 1026 2430 Th.
1049 2387 1333 2441 pubescentis
1366 2386 1612 2429 australem
1634 2386 1908 2429 constituere
1929 2386 2120 2429 videtur.
2169 2386 2350 2429 Pariter

231 2447 321 2489 Th.
355 2447 689 2491 thesioides
722 2447 933 2502 glabritie
965 2446 1174 2489 foliorum
1207 2451 1254 2488 et
1284 2445 1507 2500 perigonii
1539 2445 1683 2487 colore
1716 2445 1912 2498 exceptis
1944 2457 2044 2487 cum
2076 2444 2156 2487 Th.
2190 2444 2349 2499 pubes-

232 2510 360 2549 cente
402 2507 623 2549 convenit.
687 2507 741 2549 111
784 2505 929 2548 tribus
971 2505 1040 2548 his
1077 2504 1354 2561 „speciebus“
1391 2504 1673 2559 perigonium
1715 2508 1846 2546 extus
1882 2502 2149 2558 pubescens,
2194 2504 2350 2546 eadem

229 2564 387 2607 florum
429 2565 684 2619 dispositio,
728 2564 839 2606 folia
882 2564 1159 2606 surculorum
1201 2563 1422 2606 sterilium
1460 2562 1651 2605 caulinis
1684 2562 1949 2618 angustiora
1982 2566 2028 2605 et
2059 2561 2347 2617 confertiora,

232 2624 397 2666 nucula
429 2626 564 2666 ovata
597 2628 744 2666 acuta.
808 2623 893 2665 Sed
926 2622 1183 2665 distributio
1217 2621 1518 2678 geographica
1551 2622 1740 2664 diversa.
1804 2620 1884 2663 Th.
1917 2620 2165 2674 pubescens
2196 2622 2349 2676 typica

228 2694 306 2735 per
338 2683 595 2738 Aragoniae
640 2687 685 2725 et
727 2682 857 2737 regni
888 2682 1124 2725 Valentini
1165 2682 1394 2736 regionem
1436 2682 1720 2735 montanam,
1764 2679 1844 2722 Th.
1879 2679 2077 2733 elliptica
2108 2693 2186 2734 per
2218 2680 2349 2735 regni

228 2741 415 2783 Murcici
447 2743 493 2783 et
515 2741 702 2784 Granat.
726 2741 954 2796 regionem
985 2745 1247 2783 montanam
1280 2743 1325 2782 et
1356 2739 1567 2793 alpinam,
1602 2738 1682 2781 Th.
1705 2737 1947 2781 thesioides
1975 2751 2053 2792 per
2074 2739 2346 2795 Aragoniae,

229 2799 359 2854 regni
389 2799 623 2842 Valentini
655 2804 700 2841 et
732 2799 954 2842 Castellae
985 2799 1138 2841 Novae
1169 2799 1398 2853 regionem
1429 2796 1687 2840 inferiorem
1717 2796 1961 2839 distributa
1993 2797 2183 2840 videtur.
2326 2850 2329 2851 .

375 2857 494 2900 Loca
527 2858 617 2901 Th.
650 2857 1032 2911 pubescentis
1070 2857 1269 2911 typicae:
1313 2857 1362 2898 in
1392 2857 1592 2911 Aragon.
1627 2869 1769 2909 super.
1803 2856 1885 2899 int.
1919 2857 2033 2899 Jaca
2069 2861 2115 2898 et
2147 2857 2189 2899 S.
2222 2856 2346 2900 Juan

287 2915 340 2958 de
372 2916 416 2958 10
449 2917 573 2959 Pena
606 2915 766 2973 (WK),
809 2917 856 2958 in
900 2915 1104 2959 confiniis
1135 2916 1394 2971 Aragoniae
1426 2919 1566 2957 austr.
1600 2920 1647 2957 et
1677 2914 1807 2969 regni
1837 2914 2019 2958 Valent.
2053 2914 2118 2971 (in
2150 2915 2244 2957 1000
2277 2915 2346 2957 La

286 2974 539 3030 Bichonga,
582 2988 645 3028 pr.
678 2975 933 3029 Penarroyo
966 2976 1013 3017 in
1045 2975 1140 3017 1000
1173 2974 1403 3027 Buitrera,
1448 2972 1686 3029 Loscosl),
1728 2974 1776 3015 in
1807 2986 1929 3027 prov.
1962 2973 2144 3017 Valent.
2179 2973 2345 3028 (Sierra

286 3033 339 3075 de
363 3033 515 3088 Chiva,
549 3034 669 3087 Wx„
702 3046 766 3087 pr.
790 3034 1003 3088 Rotovas,
1037 3032 1190 3088 DJEK),
1223 3033 1271 3075 in
1295 3032 1505 3075 Serrania
1528 3032 1581 3074 de
1604 3032 1781 3074 Cuenca
1803 3032 1884 3087 (pr.
1905 3031 2158 3086 Buenache,
2180 3031 2348 3076 Valde-

286 3092 457 3147 cabras,
491 3091 642 3146 DIEK).
677 3117 731 3122 —
765 3090 830 3135 Cf.
863 3092 1043 3135 WILLK.
1076 3093 1124 3134 in
1158 3092 1351 3135 Oesterr.
1385 3090 1475 3133 bot.
1509 3089 1723 3133 Zeitschr.
1759 3089 1887 3144 1890,
1921 3104 1965 3134 n.
1999 3090 2039 3134 4.

376 3172 502 3215 1167.
535 3171 832 3226 Thymelaea
872 3172 1151 3215 coridifolia
1189 3171 1340 3228 (ΒΑΜ.)
1379 3171 1522 3215 ENDL.
1586 3171 1756 3214 Crescit
1798 3184 1969 3225 quoque
1997 3154 2062 3213 ‚in
2092 3171 2245 3213 Astur.
2280 3170 2345 3225 (in

228 3230 475 3274 declivibus
506 3232 672 3273 montis
705 3231 758 3273 de
791 3231 834 3273 la
865 3231 1084 3286 Regaliza
1114 3231 1214 3286 Jugi
1235 3231 1402 3273 Puerto
1436 3230 1489 3272 de
1510 3230 1794 3285 Leitariegos
1828 3229 1920 3273 solo
1953 3229 2077 3284 calc„
2109 3228 2342 3285 13001101).

373 3311 559 3354 1167biss.
592 3310 888 3365 Thymelaea
909 3310 1054 3354 Ruizi
1075 3312 1209 3356 Losc.
1242 3311 1290 3353 in
1311 3311 1521 3354 Restaur.
1545 3309 1730 3354 farmac.
1755 3309 1893 3365 18723
1925 3310 2089 3353 CASAV.
2114 3309 2211 3352 Cat.
2234 3314 2339 3352 met.

223 3369 334 3413 Nav.
368 3382 408 3423 p.
442 3369 521 3412 65!
563 3369 668 3412 WK.
701 3369 869 3412 Illustr.
901 3370 944 3422 I,
978 3383 1018 3423 p.
1054 3369 1121 3423 77,
1154 3369 1246 3412 tab.
1281 3369 1331 3424 L,
1364 3369 1410 3412 II
1443 3369 1541 3424 (Th.
1575 3369 1732 3411 ciliata
1763 3369 1924 3412 CASAV.
1958 3369 2007 3411 in
2037 3369 2162 3411 Rest.
2195 3365 2339 3421 farm„

224 3441 314 3470 non
346 3428 428 3484 L).
493 3427 806 3481 Suffruticosa,
841 3428 998 3483 dioica,
1032 3428 1367 3482 sempervirens,
1401 3427 1583 3470 caudice
1614 3432 1818 3470 tortuoso
1851 3427 2026 3482 lignoso
2057 3425 2339 3479 multicipite,

224 3486 426 3529 caulibus
448 3487 824 3530 adscendentibus
845 3500 884 3529 v.
909 3487 1161 3542 prostratis,
1194 3485 1462 3541 cylindricis,
1496 3483 1696 3541 lignosis‚
1720 3486 1851 3529 initio
1875 3484 2160 3539 simplicibus,
2183 3489 2341 3538 postea

223 3544 414 3588 furcatis
445 3558 485 3588 v.
520 3545 694 3587 alterne
725 3545 932 3600 ramosis,
969 3544 1222 3600 junioribus
1253 3544 1445 3598 villosis,
1480 3544 1648 3587 adultis
1680 3544 1870 3600 glabris,
1905 3544 2081 3586 demum
2113 3542 2340 3597 spiraliter

223 3603 519 3657 cicatricosis;
551 3602 674 3646 foliis
705 3603 972 3657 imbricatis,
1006 3604 1239 3656 coriaceis,
1272 3602 1683 3658 lineari-oblongis,
1716 3603 1945 3656 1-nerviis,
1978 3601 2337 3656 pubescentibus,

224 3661 635 3716 glaucescentibus3
667 3660 848 3704 fioribus
880 3662 1273 3717 numerosissimis,
1307 3660 1591 3715 axillaribus,
1625 3662 1749 3715 apice
1781 3660 2055 3703 ramulorum
2086 3673 2186 3703 cum
2217 3658 2339 3702 foliis

223 3720 484 3774 imbricatis,
519 3720 700 3776 glabris,
732 3733 866 3762 masc.
888 3719 999 3762 folia
1020 3719 1194 3763 floralia
1216 3719 1446 3775 paululum
1469 3719 1797 3774 superantibus,
1830 3712 2339 3772 infundibuliformibus,
