2455 4033
1116 165 1235 220 195

255 320 310 362 In
340 318 534 433 h(umidi)s
566 331 630 372 pr.
655 318 891 374 Algeciras
924 319 1180 375 (REvERcH.
1206 318 1351 376 1887),
1388 319 1445 362 ad
1476 320 1646 363 rivulos
1670 323 1738 374 pr.
1763 321 1804 363 S.
1829 321 1983 374 Roque
2007 321 2238 379 (8011011).

166 402 222 408 -
259 382 324 430 Ε).
377 390 419 419 11.
453 390 526 419 v..

759 464 923 520 Fam.
975 463 1582 522 APOCYNAOEAE.

254 567 383 611 2916.
416 567 571 611 Vinea
611 568 778 612 media
819 570 903 612 LK.
937 570 1114 612 HFFGG.
1189 570 1406 612 Provenit
1448 584 1619 624 quoque
1662 572 1709 614 in
1752 570 1898 614 Catal.
1944 571 2010 628 (in
2052 573 2239 616 montib.

103 640 140 670 c.
176 627 299 682 Olot,
332 640 396 681 pr.
429 627 642 682 Monsoli,
678 627 942 682 Guillerias,
977 627 1025 670 in
1057 628 1163 671 Alto
1197 629 1480 684 Ampurdan,
1515 631 1659 673 Llano
1694 631 1747 673 de
1780 631 2043 687 Barcelona,
2077 633 2239 687 VAYR„

104 700 140 730 c.
174 687 336 742 Begas,
371 686 544 741 Coma).
581 711 635 716 —
668 687 820 729 Adde:

297 753 338 800 β.
373 759 396 788 0
412 745 609 788 btusif
619 746 746 789 lora
768 746 867 789 Pin
889 746 991 789 Not.
1015 746 1106 789 bot.
1130 746 1164 799 I,
1198 759 1238 800 p.
1264 746 1344 789 201
1378 747 1473 804 (pro
1497 749 1642 802 specie
1666 749 1876 805 propria),
1911 749 2024 793 lobis
2047 750 2241 793 corollae

371 804 547 858 oblique
581 806 729 849 ovatis
762 805 948 848 obtusis.

252 864 307 907 In
347 864 473 907 silvis
514 863 857 908 humidiusculis
890 865 1171 920 Aragoniae,
1217 865 1515 908 Catalauniae
1547 867 1764 922 regnique
1796 867 2034 911 Valentini
2065 869 2113 911 in
2144 882 2238 925 reg.

162 922 294 966 infer.
329 923 503 980 (PAnt).
567 923 685 966 Flor.
719 926 816 966 toto
851 937 969 966 anno
1003 924 1081 966 sed
1113 923 1278 966 abund.
1311 924 1477 967 Martio
1512 925 1569 982 (v.
1604 926 1670 982 s).

743 1063 907 1119 Fam.
960 1062 1598 1120 ASOLEPIADEAE.

254 1174 381 1217 2922.
415 1175 798 1219 Vincetoxicum
830 1175 1081 1219 officinale
1113 1175 1265 1219 MNcn.
1319 1176 1536 1219 Provenit
1569 1179 1708 1221 etiam
1738 1180 1786 1222 in
1808 1180 2014 1223 Navarra
2047 1181 2127 1238 (pr.
2146 1181 2242 1224 Vil-

102 1233 222 1290 lava,
256 1235 429 1289 Beteh'i,
465 1235 649 1291 CASAv.)
684 1239 729 1278 et
761 1248 901 1291 regno
924 1235 1107 1278 Valent.
1142 1235 1225 1291 (pr.
1251 1234 1464 1278 Orihuela
1496 1237 1544 1279 in
1575 1238 1709 1281 Cerro
1744 1238 1796 1281 de
1829 1239 2041 1283 Urchsslo,
2075 1240 2240 1298 Rom).

253 1308 442 1352 2922bis,
474 1308 856 1353 Vincetoxicum
887 1309 1063 1352 laxum
1096 1308 1307 1366 (BARTL.)
1341 1309 1425 1353 GR.
1459 1309 1607 1355 GroDR.
1641 1311 1669 1354 l.
1704 1326 1740 1356 c.
1773 1313 1833 1367 II,
1867 1326 1908 1367 p.
1941 1313 2052 1357 480!
2097 1315 2241 1361 chss.

100 1368 161 1411 Ic.
196 1368 341 1423 XVII,
375 1371 408 1410 t.
443 1368 512 1419 27,
546 1367 577 1410 f.
611 1369 681 1411 II!
715 1368 1025 1422 (Cynanchum
1056 1367 1211 1410 laxum
1241 1368 1416 1412 BARTL.
1451 1383 1520 1423 ap.
1554 1371 1690 1414 KocH
1722 1371 1826 1426 Syn.
1862 1374 1928 1415 ed.
1962 1374 2001 1428 2,
2036 1387 2077 1428 p.
2100 1373 2240 1432 5551).

102 1426 271 1470 Differt
302 1442 330 1470 a
362 1428 564 1482 praeced.
588 1426 712 1471 foliis
746 1427 937 1470 caulinis
959 1426 1119 1470 mediis
1143 1427 1640 1486 oblongo-lanceolatis,
1675 1431 1810 1487 longe
1833 1433 2104 1476 acuminatis
2127 1433 2243 1490 (basi

98 1486 315 1542 cordatis)
349 1490 395 1529 et
427 1487 605 1529 laciniis
638 1487 832 1530 corollae
866 1487 1073 1543 oblongis
1105 1488 1310 1543 margine
1343 1487 1533 1532 reflexis.
1583 1490 1793 1534 Ceterum
1826 1505 1927 1534 cum
1947 1493 2001 1536 V.
2026 1492 2242 1537 officinali

97 1547 324 1602 congruit,
359 1546 487 1602 cujus
521 1545 777 1601 subspecies
809 1560 850 1589 v.
884 1548 1085 1589 varietas
1117 1547 1227 1589 mihi
1259 1547 1453 1591 videtur.

248 1606 304 1648 In
336 1605 500 1660 Pyren.
535 1606 724 1650 central.
759 1606 946 1662 (Puerto
980 1607 1034 1649 de
1059 1606 1260 1661 Bassive,
1295 1607 1354 1649 ad
1384 1608 1553 1663 pedem,
1588 1609 1772 1652 TIMBAL
1796 1623 1851 1652 ex
1871 1611 2006 1655 Loso.
2031 1613 2157 1656 Trat.
2182 1613 2241 1667 H,

161 1678 201 1719 p.
236 1664 378 1722 1121).
414 1691 469 1696 ——
505 1676 550 1716 a.
584 1667 706 1721 Jun.,
740 1667 859 1722 Aug.
893 1666 954 1723 (n.
988 1665 1062 1722 v.).
1712 1670 1714 1675 '

248 1724 365 1768 Hab.
397 1725 446 1767 in
478 1724 612 1781 Gall„
645 1725 835 1768 Austria
868 1725 1094 1769 orientali.

250 1798 438 1841 2922ter.
471 1798 853 1843 Vincetoxicum
890 1800 1216 1855 pyrenaicum
1255 1802 1389 1845 ΤΙΜΒ.
1423 1802 1567 1845 LAGR.
1603 1805 1649 1844 et
1681 1803 1993 1848 JEANBERNAT
2032 1805 2080 1847 in
2121 1805 2241 1849 Bull.

100 1870 188 1902 soc.
222 1858 315 1904 bot.
347 1858 421 1902 Fr.
446 1858 574 1905 1864.
607 1872 647 1913 p.
677 1859 891 1902 LXXXI!
945 1859 1114 1903 Differt
1147 1874 1174 1903 a
1205 1861 1580 1916 praecedentibus
1613 1861 1818 1905 caulibus
1849 1862 2107 1919 humilibus,
2142 1865 2244 1909 sub-

100 1919 290 1961 ramosis
323 1931 458 1972 supra
490 1917 603 1961 folia
634 1918 809 1973 infima,
856 1920 987 1962 nodis
1019 1920 1150 1963 valde
1184 1922 1530 1976 approximatis,
1574 1921 1760 1964 floribus
1791 1923 1944 1977 parvis
1976 1923 2243 1979 virentibus,

100 1976 332 2032 pedicellis
364 1977 473 2020 solio
506 1977 800 2033 brevioribus,
836 1979 1028 2022 corollae
1060 1979 1174 2022 lobis
1207 1980 1442 2024 subacutis
1474 1980 1716 2036 contortis,
1750 1981 1965 2026 folliculis
1997 1986 2244 2040 perparvis,

100 2038 228 2092 apice
259 2036 458 2080 breviter
491 2038 759 2080 attenuatis.

250 2098 304 2139 In
344 2095 529 2152 regione
567 2096 722 2151 alpina
754 2099 981 2152 superiore
1014 2099 1349 2153 Pyrenaeorum
1382 2098 1652 2142 centralium
1684 2100 1750 2157 (in
1781 2100 1982 2157 Aragon.
2018 2115 2053 2146 c.
2085 2103 2245 2160 Panti-

162 2168 287 2211 cosa,
321 2156 526 2211 TIMBAL,
571 2170 635 2210 pr.
669 2156 842 2211 Bielsa,
887 2156 1081 2213 CAMPO),
1126 2158 1245 2201 unde
1286 2159 1335 2201 in
1374 2159 1519 2202 latere
1551 2158 1717 2215 gallico
1751 2173 1890 2214 usque
1923 2161 1981 2203 ad
2012 2163 2245 2216 Esquierri

161 2215 393 2259 descendit
425 2215 657 2272 (TIMBAL).
693 2241 748 2246 m
784 2227 828 2268 22.
864 2216 922 2273 (n.
957 2217 1030 2273 v.).

250 2289 378 2334 2924.
413 2289 827 2346 Gomphocarpus
869 2291 1149 2336 fruticosus
1189 2292 1277 2349 (L.)
1316 2292 1370 2336 R.
1404 2293 1488 2335 BR.
1562 2292 1769 2337 Occurrit
1812 2294 1952 2338 etiam
1994 2296 2241 2341 Gibraltar.

100 2348 279 2406 (DASOI,
314 2349 446 2407 1886)
480 2355 526 2393 et
558 2364 622 2405 pr.
645 2350 883 2406 Algeciras
915 2351 1172 2408 (REvERcH.
1198 2351 1345 2408 1887).
1398 2353 1452 2395 In
1483 2353 1627 2397 hortis
1659 2367 1782 2408 prov.
1806 2354 1960 2398 Gadit.
1983 2354 2244 2411 frequenter

99 2408 265 2452 colitur
298 2409 430 2466 (PER.
465 2409 628 2466 LARA).

836 2498 1001 2555 Fam.
1055 2498 1502 2557 OLEACEAE.

252 2602 382 2646 2930.
415 2602 672 2658 Phillyrea
702 2602 924 2648 latifolia
956 2604 1005 2646 L.
1069 2605 1197 2648 Adde
1239 2605 1338 2648 loca
1370 2620 1393 2649 e
1425 2620 1548 2661 prov.
1584 2606 1758 2651 Gadita
1800 2607 2005 2651 abundat
2036 2609 2085 2652 in
2117 2609 2245 2654 silvis

101 2664 149 2704 et
188 2661 382 2705 dumetis
423 2663 645 2705 montium
678 2676 713 2705 c.
747 2664 908 2719 Arcos,
952 2664 1135 2720 Alcala,
1181 2663 1424 2720 Castellar,
1468 2667 1558 2710 Los
1590 2666 1796 2723 Barrios,
1841 2667 2002 2711 Tarifa
2035 2671 2080 2711 et
2112 2670 2246 2714 Jerez

99 2720 233 2777 (PER.
267 2721 430 2779 LARA).
494 2722 624 2765 Adde
655 2736 809 2777 porro:

293 2798 338 2838 γ.
371 2782 543 2835 spino
559 2795 620 2825 sa
653 2783 788 2826 GUss.
812 2782 879 2825 Fl.
904 2783 981 2826 sic.
1005 2784 1153 2837 prodr.
1179 2785 1214 2839 I,
1249 2797 1289 2838 p.
1314 2784 1341 2827 6
1378 2783 1477 2840 (Ph.
1501 2785 1686 2839 spinosa
1706 2785 1841 2829 Mum.
1868 2786 2002 2842 Dict,
2027 2787 2108 2832 Ph.
2133 2787 2246 2832 ilici-

369 2840 482 2883 folia
513 2841 729 2898 W11,1.n.),
763 2841 886 2885 foliis
919 2843 1299 2899 ovato-oblongis,
1335 2844 1849 2898 spinescenti-dentatis.

251 2899 307 2942 In
339 2913 461 2954 prov.
496 2899 648 2944 Gadit.
681 2901 843 2944 iisdem
874 2902 923 2944 in
955 2902 1065 2945 locis
1099 2902 1230 2959 (PER.
1264 2903 1429 2960 LARA).

254 2973 383 3016 2931.
415 2973 670 3029 Phillyrea
699 2975 868 3019 media
898 2976 949 3019 L.
1003 2976 1211 3020 Occurrit
1243 2978 1381 3020 etiam
1412 2978 1461 3020 in
1493 2977 1699 3022 Navarra
1732 2979 1814 3037 (pr.
1837 2980 2013 3035 Beteh'l,
2047 2981 2247 3040 CAsAv.).

103 3033 334 3088 Frequens
378 3033 426 3076 in
465 3035 632 3077 montis
665 3034 913 3079 Gibraltar.
948 3036 1288 3080 declivitatibus
1328 3037 1532 3081 omnibus
1566 3038 1722 3094 (KQ,
1767 3039 1933 3096 DAUT.)
1965 3045 2012 3084 et
2043 3042 2091 3084 in
2121 3055 2246 3097 prov.

104 3093 259 3136 Gadit.
294 3093 425 3149 (PER.
459 3093 620 3149 LARA).
655 3119 710 3125 —
743 3094 918 3151 Vulgo:
957 3096 1305 3152 „Agracejffl
1342 3097 1495 3140 Gadit.
1531 3097 1601 3155 (ut
1633 3099 1773 3142 etiam
1804 3098 1885 3142 Ph.
1919 3100 2148 3157 latifolia).

255 3166 384 3210 2932.
416 3167 670 3223 Phillyrea
701 3169 1031 3225 anqustiiolia
1053 3170 1103 3214 L.
1155 3171 1312 3214 Etiam
1342 3171 1391 3214 in
1412 3171 1618 3215 Navarra
1645 3172 1727 3230 (pr.
1751 3173 2015 3231 CaparrOSO,
2050 3174 2246 3234 CASAv.)

103 3225 256 3270 Adde:
298 3294 341 3341 β.
373 3285 694 3330 brachiata
733 3287 836 3331 ΑΙΤ.
877 3289 1008 3333 Hort.
1042 3289 1169 3333 Kew.
1202 3289 1246 3345 I,
1291 3303 1332 3344 p.
1366 3290 1446 3334 11!
1509 3291 1565 3334 In
1607 3304 1731 3347 prov.
1775 3292 1930 3337 Gadit.
1973 3294 2140 3348 passim
2182 3293 2248 3351 (in

375 3345 563 3389 collibus
605 3346 802 3390 dumosis
844 3348 894 3390 in
936 3348 1032 3392 loco
1075 3348 1133 3391 El
1164 3348 1504 3407 Alcornocalejo
1546 3364 1612 3405 pr.
1645 3352 1800 3408 Jerez,
1845 3351 1959 3396 PER.
1993 3352 2157 3409 LARA).
2190 3361 2247 3384 *—

373 3403 546 3448 Nomen
577 3405 700 3462 vulg.
734 3406 898 3461 speciei
929 3408 1050 3462 apud
1083 3408 1258 3452 Gadit.:
1298 3409 1747 3467 „Gobiernago.“

821 3539 986 3597 Fam.
1039 3540 1081 3598 J
1082 3540 1522 3599 ASMINEAE.

256 3640 386 3685 2933.
419 3641 709 3687 Jasminum
730 3643 982 3689 fruticans
1004 3645 1055 3689 L.
1103 3646 1326 3690 Provenit
1346 3645 1489 3701 frequ.
1511 3648 1561 3690 in
1581 3661 1706 3703 prov.
1731 3647 1883 3692 Gadit.
1906 3649 2093 3705 regione
2113 3647 2248 3693 infer.

105 3702 155 3742 et
175 3703 394 3744 montana
416 3702 481 3758 (in
504 3702 654 3746 Sierra
676 3703 730 3746 de
754 3703 796 3748 S.
819 3704 1044 3749 Cristobal
1065 3718 1131 3760 pr.
1154 3705 1256 3749 Pto,
1281 3705 1335 3748 de
1357 3705 1453 3750 Sta.
1475 3706 1636 3757 Maria,
1660 3708 1906 3763 GUTIERR„
1930 3721 1996 3764 pr.
2016 3707 2248 3763 Sanfficar,

105 3758 264 3815 cmm„
296 3760 381 3804 int.
403 3761 584 3805 Zahara
616 3766 663 3805 et
692 3761 963 3807 Grazalema
995 3764 1054 3807 ad
1082 3765 1251 3808 Puerto
1284 3764 1358 3808 del
1378 3765 1505 3809 Moro
1537 3770 1584 3810 et
1615 3766 1738 3821 alibi,
1771 3767 1979 3823 LAGUNA,
2012 3781 2078 3822 pr.
2101 3769 2248 3824 Ι10102,

106 3815 308 3876 WmKL„
339 3820 501 3864 Alcala
526 3826 625 3877 etc.,
659 3820 773 3866 PER.
796 3822 961 3879 ΒΑΕΔ).
986 3848 1043 3855 -
1065 3823 1240 3880 Vulgo:
1279 3823 1624 3882 „Bojecillo‚
1659 3827 2068 3871 Jazminorr0“
2094 3826 2249 3871 Gadit.

1890 3901 1984 3945 13*
