2455 4033
1219 44 1295 100 58

345 203 442 246 984.
475 203 656 246 Betula
686 201 969 255 pubescens
997 199 1144 241 EHRH.
1181 199 1247 255 (B.
1274 198 1460 240 odorata
1492 195 1722 253 Bam-istu).
1772 197 1826 239 In
1859 196 2068 240 Cantabr.
2104 197 2227 254 (Pico
2261 198 2315 240 de

197 264 412 316 Barcena,
446 263 581 315 DIEK,
616 259 763 315 1892).

344 334 442 377 985.
474 334 633 377 Alnus
667 331 926 387 glutinosa
957 330 1165 372 GAERTN.
1189 355 1244 359 —
1270 330 1462 372 LAGUNA
1495 329 1522 370 1.
1552 341 1585 370 0.
1620 342 1660 382 p.
1685 327 1783 381 185,
1816 331 1849 371 t.
1883 329 1952 383 26,
1985 329 2016 372 f.
2050 331 2090 372 5.
2113 329 2159 372 61
2206 331 2314 372 Pro-

201 395 327 436 venit
358 406 529 446 quoque
560 393 607 434 in
639 392 835 445 Aragon.
870 389 1061 431 australi
1101 388 1176 444 (ad
1206 389 1329 442 ripas
1360 388 1479 430 Iberi
1511 400 1573 441 pr.
1609 387 1853 441 Chiprana,
1893 389 2027 432 Losc.
2061 388 2238 444 PARDo)
2271 392 2317 431 et

198 465 318 506 prov.
362 451 513 494 Gadit.
558 450 633 505 (ad
664 448 833 491 rivulos
874 448 920 490 in
963 447 1133 489 ditione
1164 447 1260 489 urb.
1303 447 1458 499 Jerez,
1501 447 1612 488 PER.
1646 445 1807 502 LARA).
1869 447 2044 502 Vulgo:
2083 445 2314 502 „Aliso“,

200 512 334 564 Cast,
374 507 754 566 „Vinagrera“
794 505 1052 561 (Logrofio),
1091 505 1386 561 „Humero“
1424 506 1591 557 Astur,
1635 505 1992 559 „Ameneir0“
2028 505 2197 548 Gallec.

344 568 492 612 Adde:
526 580 618 609 var.
654 564 1033 608 denticulata
1063 564 1223 607 REGEL
1256 577 1325 618 ap.
1359 561 1449 606 DC.
1483 563 1638 605 Prodr.
1672 563 1793 617 XVI,
1827 577 1867 617 p.
1901 562 1987 606 186
2020 564 2090 620 (A.
2117 562 2317 618 elliptica

200 629 368 680 Bucam,
401 626 484 669 GR.
508 624 651 668 Gonu.
685 624 712 665 l.
739 636 771 665 c.
806 637 845 678 p.
879 622 1004 679 1501)
1036 622 1159 665 foliis
1192 621 1416 676 ellipticis,
1449 622 1496 664 in
1518 634 1756 664 nervorum
1777 622 1928 665 axillis
1949 623 2081 666 valde
2101 622 2316 676 barbatis,

197 686 396 729 strobilis
418 684 606 738 magnis.
639 683 794 737 paucis
827 681 977 738 (2—3)
1010 682 1057 723 in
1079 681 1234 735 quovis
1258 694 1446 723 racemo.
1501 681 1638 734 Quasi
1662 679 1931 724 intermedia
1961 681 2081 724 inter
2103 682 2157 724 A.
2180 681 2318 737 gluti-

201 757 353 787 nosam
386 747 432 786 et
462 744 514 785 A.
551 742 781 784 cordatam
812 741 937 785 L01s.

343 802 398 844 In
420 814 539 856 prov.
564 799 715 843 Gadit.
752 799 832 854 (pr.
856 798 1093 855 Algeciras
1127 812 1181 841 en
1213 799 1258 840 la
1281 798 1519 853 Garganta
1551 797 1623 841 del
1646 796 1852 852 Capitan,
1885 797 1933 840 in
1962 797 2146 841 montib.
2172 794 2320 840 Sierra

258 861 311 903 de
343 861 474 903 Luna
505 862 551 901 et
583 859 623 901 S.
653 858 707 901 de
730 857 901 912 Tarifa,
935 858 992 900 ad
1017 857 1139 912 ripas
1171 858 1273 900 fluv.
1298 857 1538 913 Majaceite
1571 860 1617 898 et
1637 856 1807 900 rivulos
1828 857 1910 899 int.
1936 857 2109 911 Alcala,
2143 855 2321 901 Jimena

254 923 299 962 et
331 919 397 961 103
427 917 625 971 13311103,
658 917 736 960 ubi
768 917 983 970 abundat,
1017 917 1131 959 PER.
1166 916 1326 972 LARA).
1362 941 1416 948 —
1451 916 1509 971 (n.
1544 915 1617 972 v.).

343 977 456 1021 Hab.
491 990 584 1019 var.
621 977 759 1018 etiam
791 976 839 1018 in
870 976 1062 1018 Corsica.

855 1115 1020 1171 Fam.
1073 1112 1660 1170 CUPULIFERAE.

345 1226 443 1269 986.
479 1225 663 1280 Ostrya
696 1225 1015 1280 carpiniiolia
1048 1226 1178 1270 Scor.

346 1285 444 1328 987.
479 1285 730 1340 Carpinus
762 1285 975 1328 Botulus
1008 1285 1058 1327 L.

344 1345 574 1388 Observ.
622 1344 692 1386 Ex
723 1343 1108 1398 explorationibus
1141 1343 1338 1397 corporis
1370 1341 1599 1385 forestalis
1620 1341 1842 1396 hispanici
1863 1344 2004 1396 patet,
2036 1340 2118 1384 has
2140 1340 2321 1384 arbores

195 1405 238 1445 in
271 1404 493 1457 Hispania
526 1405 682 1457 sponte
714 1416 803 1445 non
837 1415 1044 1445 crescere.
1097 1402 1249 1455 Neque
1280 1402 1329 1443 in
1358 1404 1509 1444 monte
1543 1402 1583 1444 S.
1607 1402 1729 1444 Juan
1761 1400 1814 1443 de
1847 1400 1892 1442 13
1914 1400 2038 1443 Pena
2062 1399 2321 1455 Aragoniae

197 1463 431 1517 superior.,
464 1461 541 1504 ubi
572 1462 693 1504 Asso
735 1474 811 1504 eas
843 1461 1083 1516 indicavit,
1117 1473 1259 1514 neque
1290 1461 1338 1502 in
1369 1460 1488 1502 valle
1521 1460 1788 1513 Pyrenaeor.
1822 1459 1969 1513 Aran,
2013 1458 2090 1501 ubi
2124 1459 2175 1501 01.
2209 1457 2321 1503 (301.-

196 1534 340 1565 MEIRo
359 1521 601 1575 Carpinum
620 1520 835 1563 Betulum
857 1521 1048 1562 existere
1066 1519 1336 1574 praetendit,
1359 1519 1608 1561 recentiore
1624 1521 1824 1572 tempore
1842 1518 2105 1561 observatae
2122 1517 2320 1560 fuerunt.

195 1579 278 1634 (Cf.
313 1579 523 1634 LAGUNA,
568 1579 703 1622 Flora
736 1578 890 1622 forest.
926 1592 1014 1633 esp.
1047 1580 1082 1632 I,
1115 1592 1155 1632 p.
1190 1578 1315 1634 2771)
1381 1577 1443 1619 Cl.
1478 1576 1724 1621 COMPANYo
1757 1577 2000 1631 Carpinum
2030 1576 2244 1619 Betulum
2275 1577 2322 1619 in

198 1640 359 1693 Pyren.
395 1638 600 1681 oriental.
633 1652 696 1692 pr.
732 1638 863 1681 Ceret
896 1637 1165 1684 observavit.
1229 1636 1314 1679 Sed
1347 1635 1478 1687 Ceret
1506 1637 1599 1692 jam
1629 1637 1677 1678 in
1708 1635 1860 1678 Gallia
1894 1636 2032 1678 situm
2064 1639 2144 1678 est.

342 1711 445 1757 988.
477 1711 686 1765 Corylus
719 1710 964 1754 Avellana
994 1712 1044 1753 L.
1070 1737 1124 1740 —
1153 1711 1346 1753 LAGUNA
1377 1710 1404 1752 1.
1429 1723 1464 1752 0.
1497 1723 1537 1764 p.
1563 1709 1669 1751 2741
1723 1710 1868 1763 Locis,
1904 1709 1982 1751 ubi
2011 1709 2123 1752 haec
2154 1709 2322 1763 species

194 1772 239 1812 in
285 1771 403 1813 omni
445 1770 666 1824 Hispania
707 1770 967 1823 frequenter
1010 1770 1134 1812 culta
1177 1769 1354 1812 secund.
1390 1769 1441 1811 cl.
1476 1768 1666 1811 LAGUNA
1710 1771 1866 1822 sponte
1900 1780 2098 1811 crescere
2129 1768 2321 1820 videtur,

195 1829 401 1872 addenda
433 1833 560 1872 sunt:
603 1829 728 1883 ripae
760 1829 932 1872 fluvior.
967 1828 1251 1883 Guadalope,
1294 1829 1580 1880 Matarrana,
1614 1827 1842 1880 Mezquin,
1884 1827 1995 1869 ditio
2028 1827 2236 1869 Desierto
2269 1827 2323 1869 de

196 1888 395 1931 (lalanda
428 1892 474 1931 et
501 1888 662 1944 jugum
693 1889 860 1931 Puerto
894 1888 947 1930 de
980 1887 1161 1931 Beceite
1193 1888 1241 1930 in
1272 1886 1505 1942 Aragonia
1538 1886 1731 1928 australi
1764 1885 1929 1942 (Losc.,
1965 1885 2158 1942 PARDo).

344 1961 440 2005 990.
476 1962 700 2013 Quercus
733 1962 1076 2016 pedunculata
1108 1962 1259 2004 EHRH.
1297 1986 1352 1991 -—-
1385 1960 1576 2004 LAGUNA
1607 1959 1635 2001 l.
1670 1973 1704 2002 0.
1738 1973 1778 2014 p.
1814 1958 1918 2013 115,
1962 1963 1994 2001 t.
2028 1958 2107 2002 291
2168 1959 2322 2001 Etiam

195 2020 305 2064 haec
337 2021 468 2064 arbor
499 2022 546 2063 in
568 2022 789 2075 Hispania
817 2021 959 2064 solum
982 2020 1154 2063 boreali
1186 2023 1344 2075 sponte
1366 2020 1584 2074 provenit,
1617 2020 1665 2061 in
1695 2019 1868 2072 reliqua
1901 2018 2009 2074 (jam
2034 2019 2081 2060 in
2106 2017 2322 2074 Castella)

195 2093 284 2122 non
318 2081 405 2123 nisi
439 2080 562 2122 culta
595 2080 836 2136 (LAGUNA).

383 2148 423 2192 β.
458 2138 793 2194 fastigiata
826 2138 1024 2195 (ΕΑΜΚ.)
1080 2138 1245 2192 Sponte
1276 2138 1324 2179 in
1356 2136 1560 2180 confiniis
1583 2136 1727 2180 Catal.
1762 2139 1807 2179 et
1839 2136 2016 2180 Galliae
2049 2135 2130 2191 (pr.
2155 2136 2196 2178 S.
2220 2134 2322 2177 Llo-

463 2211 566 2240 rens
599 2198 653 2240 de
686 2196 896 2251 Cerdans,
931 2196 1130 2254 Custoja,
1165 2196 1338 2253 ΟΟΜΡ.)

344 2270 441 2313 991.
478 2271 703 2322 Quercus
737 2270 1043 2315 sessiliilora
1075 2271 1252 2314 SALISB.
1287 2296 1342 2302 —-
1375 2271 1568 2313 LAGUNA
1599 2270 1627 2312 l.
1662 2283 1696 2312 c.
1730 2283 1770 2324 p.
1805 2268 1904 2322 224,
1938 2272 1971 2310 t.
2005 2268 2085 2311 301

384 2348 424 2386 y.
459 2329 760 2372 laciniata
801 2330 946 2373 LAMK.
1029 2330 1200 2373 Crescit
1248 2331 1386 2372 etiam
1432 2330 1479 2371 in
1525 2330 1724 2384 Aragon.
1773 2341 1917 2382 super.
1967 2327 2066 2384 (int.
2115 2327 2231 2371 Plan
2280 2331 2326 2370 et

461 2389 650 2443 Badain,
684 2388 904 2445 LAGUNA).
1772 2432 1779 2435 .

388 2463 419 2490 ε.
460 2447 791 2490 cerrioides
824 2447 928 2490 WK.
982 2449 1035 2490 In
1077 2446 1221 2489 Catal.
1257 2448 1394 2490 etiam
1432 2460 1496 2501 pr.
1530 2445 1785 2489 Baricauba
1826 2448 1871 2488 et
1901 2445 2185 2501 Montalegre
2218 2445 2324 2502 (LA-
2367 2444 2369 2446 ’

466 2506 614 2562 GUNA).
650 2532 704 2537 ——-
737 2507 864 2550 Adde
902 2520 995 2549 var.
2197 2512 2200 2515 '

386 2570 418 2613 ζ.
458 2566 752 2620 appenina
785 2565 948 2621 (LAMK.
978 2564 1097 2608 Dict.
1124 2566 1160 2619 I,
1193 2579 1233 2619 p.
1259 2564 1374 2620 725),
1408 2563 1608 2618 ramulis,
1631 2561 1811 2618 petiolis
1835 2562 2133 2616 foliorumque
2154 2562 2323 2618 pagina

460 2623 674 2666 inferiore
691 2625 967 2678 tomentosis,
986 2623 1211 2666 fructibus
1228 2623 1425 2666 breviter
1441 2622 1770 2677 pedunculatis,
1795 2622 2046 2676 pedunculo
2065 2621 2182 2663 2—-4
2195 2634 2262 2663 cm
2279 2621 2320 2674 l.,

466 2683 631 2736 petiolo
674 2695 846 2737 semper
888 2682 1103 2738 longiore.
1167 2683 1330 2725 Forma
1371 2681 1638 2724 intermedia
1679 2682 1761 2723 int.
1807 2681 1887 2734 QU.
1932 2680 2235 2723 sessilifioram
2277 2684 2323 2723 et

462 2742 541 2794 Qu.
575 2741 937 2795 pedunculatam.

346 2800 399 2841 111
432 2798 574 2842 Catal.
611 2800 691 2856 (pr.
727 2800 766 2842 S.
800 2800 972 2856 Miguel
1006 2800 1077 2842 del
1109 2801 1217 2854 Fay,
1252 2799 1472 2855 LAGUNA).

349 2857 466 2901 Hab.
498 2859 545 2900 in
577 2858 693 2902 Gall.
726 2860 896 2913 merid.,
933 2859 1084 2902 Italia.

349 2930 579 2974 Observ.
631 2933 710 2986 Qu.
742 2933 1019 2987 microcarpa
1051 2932 1158 2975 LAP.
1193 2946 1220 2975 a
1253 2932 1305 2974 cl.
1329 2932 1556 2974 VAYREDA
1588 2931 1636 2973 in
1669 2929 1812 2973 Catal.
1847 2930 1928 2987 (pr.
1954 2931 2138 2986 Sagaro,
2166 2929 2321 2984 Llado,

257 2989 577 3046 Vilademiras)
610 2990 810 3033 indicata
843 3004 897 3034 ex
924 2990 1114 3035 LAGUNA
1147 2991 1192 3046 (1.
1226 3004 1261 3033 0.
1296 3004 1336 3044 p.
1370 2989 1498 3046 2301)
1537 2990 1602 3032 nil
1642 2993 1711 3032 est
1752 2989 1840 3032 nisi
1873 2989 2018 3032 forma
2048 2989 2324 3042 microcarpa

260 3049 339 3102 Qu.
375 3048 658 3091 sessiliflorae
689 3050 879 3103 typicae.
941 3051 1013 3092 Ad
1045 3050 1231 3092 eandem
1263 3049 1453 3103 speciem
1485 3048 1779 3102 probabiliter
1809 3049 2007 3103 pertinet
2037 3060 2209 3102 quoque
2241 3048 2322 3101 QU.

261 3106 582 3150 stenobalanus
613 3107 773 3162 (ἕψῃ,
806 3122 833 3151 3
867 3109 918 3150 01.
952 3109 1180 3152 VAYREDA
1210 3109 1258 3150 in
1289 3106 1447 3150 iisdem
1479 3106 1589 3150 locis
1621 3107 1835 3150 indicata.

347 3179 445 3222 993.
480 3181 703 3232 Quercus
743 3181 986 3236 alpestris
1025 3182 1175 3225 Borss.
1240 3180 1470 3225 Observ.
1517 3181 1617 3223 Non
1664 3184 1732 3223 est
1778 3181 1948 3235 species
1992 3178 2196 3234 propria,
2243 3179 2321 3222 sed

199 3239 399 3282 varietas
432 3240 522 3293 Qu.
557 3239 929 3283 lusitanicae
960 3241 1121 3294 LAMK„
1154 3241 1276 3283 inter
1306 3253 1400 3282 var.
1435 3257 1475 3282 α.
1510 3243 1556 3282 et
1585 3240 1782 3296 1111113113
1804 3240 1966 3294 speciei
1987 3237 2179 3282 maxime
2199 3237 2323 3292 poly-

198 3297 409 3352 morphae
442 3297 713 3340 collocanda.
779 3298 861 3354 (Cf.
897 3299 1241 3353 descriptionem
1281 3297 1489 3341 eximiam
1521 3297 1773 3351 Quercuum
1803 3297 2149 3342 lusitanicarum
2178 3296 2235 3339 ab
2267 3295 2322 3338 cl.

202 3357 412 3399 PEREIRA
444 3355 679 3400 Contrnfflo
712 3358 760 3399 in
791 3358 986 3400 Boletim
1019 3359 1076 3400 da
1109 3371 1194 3401 soc.
1228 3357 1402 3399 Broter.
1436 3370 1553 3399 anno
1586 3355 1702 3399 1888
1733 3356 2042 3412 publicatam.)

349 3428 448 3471 994.
482 3429 701 3480 Quercus
744 3430 1017 3473 lusitanica
1060 3430 1205 3473 LAMK.
1240 3454 1295 3461 —
1328 3429 1517 3473 LAGUNA
1560 3430 1587 3472 l.
1623 3444 1657 3472 0.
1689 3444 1730 3484 p.
1764 3429 1872 3484 235,
1915 3433 1949 3472 t.
1983 3429 2052 3472 32.
2085 3427 2165 3482 33,
2206 3426 2238 3469 f.
2271 3426 2318 3470 51

201 3486 452 3530 Provinciis
473 3486 722 3542 Hispaniae
749 3488 944 3531 borealis
965 3490 1164 3543 exceptis
1194 3488 1305 3531 haec
1337 3501 1450 3543 spec.
1483 3501 1560 3542 per
1584 3502 1756 3531 omnem
1776 3488 2059 3543 peninsulam
2079 3485 2324 3530 distributa

203 3548 284 3599 est,
317 3545 681 3599 frequentissima
713 3550 865 3590 antem
895 3549 942 3589 in
974 3553 1103 3601 parte
1126 3546 1584 3601 austro-occidentali,
1618 3547 1696 3590 ubi
1727 3561 1820 3590 var.
1854 3565 1895 3604 γ.
1928 3546 2152 3590 baetica
2172 3543 2323 3588 WEBB

204 3603 400 3659 (Broteri
431 3604 544 3647 PER.
579 3604 741 3659 Coum,
785 3607 865 3658 Qu.
898 3606 1087 3660 hybrida
1119 3605 1284 3662 BRo'r.)
1326 3605 1540 3648 abundat.
1604 3606 1710 3648 Var.
1745 3624 1784 3648 α.
1817 3605 2086 3661 faginea,
2128 3615 2233 3646 rara
2275 3601 2324 3645 in

204 3662 347 3705 Catal.
383 3663 461 3717 (pr.
495 3663 761 3717 Avellanas,
803 3665 987 3718 Tremp,
1031 3665 1245 3718 LAGUNA,
1288 3664 1368 3706 int.
1402 3666 1526 3720 Ager
1567 3668 1612 3707 et
1644 3665 1832 3720 Agallo,
1864 3665 2036 3718 VmAL,
2081 3675 2114 3705 c.
2149 3660 2322 3715 Poblet‚
