2455 4033
1123 48 1200 102 79

283 206 325 253 β.
359 199 658 242 Boissieri
701 199 1012 254 NYM.,Consp.
1054 200 1150 255 (pro
1192 201 1376 257 specie),
1421 201 1554 246 Rom
1594 201 1621 244 i.
1656 214 1691 244 c.
1726 201 1799 257 (H.
1834 205 2038 256 rupestre
2077 204 2226 247 B01ss.

357 259 470 312 Voy.
495 258 585 301 bot.
610 259 715 313 Esp.
738 259 800 314 II,
833 273 873 313 p.
898 258 1026 314 325!)
1074 257 1242 303 Differt
1274 259 1495 314 corymbis
1517 260 1778 314 laxioribus,
1812 260 2022 304 calathiis
2045 261 2227 305 dimidio

357 316 619 384 minoribus,
653 318 831 362 intense
864 317 1007 370 flavis,
1041 317 1164 361 foliis
1196 319 1345 362 minus
1368 320 1647 373 tomentosis,
1683 332 1814 374 saepe
1838 333 1974 374 supra
1996 320 2227 375 viridibus,

237 436 292 479 In
324 376 707 489 figg3{?gossbl}ilifim
738 437 905 479 montis
937 434 1131 480 Gibralt.
1166 436 1351 493 (Boxss.,
1385 436 1593 481 W1NKL.1
1626 437 1858 494 Nmssox).
1906 439 1960 481 In
1994 439 2142 482 Sierra
2176 439 2228 483 de

149 495 364 539 Cartama
397 494 434 550 (ἱ)
448 495 749 548 REVERGHON,
785 494 931 549 1888).

238 553 476 598 Observ.
529 553 600 596 Ex
632 555 840 607 opinione
874 554 927 597 01.
952 553 1083 597 Rour
1115 553 1312 597 Helichr.
1336 560 1540 609 rupestre
1574 556 1663 599 DC.
1698 569 1720 599 e
1753 562 1947 610 quatuor
1980 556 2229 611 subspecie-

147 612 231 656 bus
274 613 570 666 compositum
614 617 703 666 est,
747 626 928 667 nempe:
979 616 1014 655 1.
1056 613 1112 656 H.
1146 612 1430 656 valentinum
1472 615 1623 668 Rour,
1670 614 1708 658 2.
1748 614 1804 658 Η.
1838 616 2055 658 Boissieri
2095 617 2227 670 Nm„

148 672 188 714 3.
221 672 276 716 H.
301 672 671 726 panormitanum
702 673 804 716 ΤΙΝ.
839 671 1079 728 (Gnaphal.
1103 678 1308 726 rupestre
1341 673 1487 728 ΒΑΕ),
1521 674 1680 728 planta
1715 674 1869 729 sicula,
1905 675 1945 718 4.
1980 675 2035 718 H.
2060 676 2229 718 Fonta-

147 732 263 775 nesii
283 731 425 774 CAMB.
450 732 616 787 (quoad
648 731 791 785 plant.
815 732 1092 788 algericam).
1146 731 1366 785 Equidem
1398 745 1570 783 censeo,
1606 733 1860 788 subspecies
1892 734 2009 776 2—4
2031 735 2095 777 nil
2119 748 2227 783 esse.

67 817 74 825 ›
147 791 236 834 nisi
267 790 515 833 varietates
549 790 715 834 locales
748 791 882 834 unius
914 790 1199 846 ejusdemque
1223 792 1405 845 speciei:
1440 792 1496 834 H.
1520 794 1825 846 rupestris
1848 794 1937 837 DC.
1962 793 2035 850 (H.
2061 794 2227 838 valent.

145 849 364 952 ROU1Y3)46.
399 908 730 964 Helichryson
771 908 1075 953 decumbens
1115 909 1257 952 CAMB.
1321 910 1475 952 Etiam
1518 910 1567 952 in
1609 916 1761 954 monte
1802 911 1938 955 Hifac
1982 925 2047 966 pr.
2082 913 2229 956 Denia

89 968 321 1082 (ROUY).¹8·
355 1032 724 1081 compactum
757 1026 868 1071 Lem.
922 1028 1077 1070 Etiam
1107 1028 1156 1070 in
1188 1040 1312 1082 prov.
1347 1028 1501 1072 Gadit.
1536 1028 1617 1085 (pr.
1648 1029 1810 1083 Gades,
1845 1030 2012 1074 Puerto
2047 1031 2100 1074 de
2133 1030 2227 1075 Sta.

354 1086 515 1140 Maria,
550 1086 765 1130 Sermusa
800 1091 917 1130 teste
950 1086 1095 1143 Len).

238 1160 366 1204 1347.
400 1160 732 1216 Helichryson
754 1160 1138 1217 anqustifolium
1159 1162 1248 1205 DC.
1299 1161 1375 1205 Ob
1390 1175 1528 1206 serv.
1570 1162 1626 1205 In
1648 1163 1871 1217 Hispania
1893 1177 1984 1207 non
2006 1167 2226 1219 provenit.

87 1220 284 1264 Plantae
316 1219 400 1264 sub
431 1220 515 1263 hoc
547 1221 726 1263 nomine
752 1234 779 1263 a
803 1220 1029 1264 botanicis
1051 1220 1298 1275 hispanicis
1321 1221 1536 1265 laudatae
1560 1223 1618 1265 ad
1640 1222 1696 1265 H.
1721 1235 1741 1266 s
1755 1236 1811 1266 er
1826 1237 1849 1266 o
1864 1230 1882 1266 t
1897 1224 1956 1266 in
1971 1238 2054 1267 um
2076 1226 2226 1270 Botss.

86 1279 352 1324 referendae
384 1284 505 1323 sunt.
568 1280 698 1323 Num.
734 1279 849 1322 1347
881 1281 1026 1336 igitur
1059 1281 1276 1324 delendus
1310 1288 1390 1324 cst.

237 1352 366 1397 1348.
412 1352 769 1412 Helichryson}
784 1353 1029 1398 Stoechas
1073 1355 1163 1398 DC.
1228 1356 1336 1398 Var.
1381 1364 1422 1410 β.
1466 1357 1626 1399 crescit
1674 1358 1813 1400 etiam
1855 1371 1919 1412 pr.
1963 1359 2110 1402 Denia
2153 1359 2229 1413 (ad

85 1413 365 1468 Benitachel,
400 1413 563 1469 Rome),
598 1415 635 1456 δ.
668 1414 718 1456 in
749 1415 950 1470 Aragon.
984 1414 1180 1458 australi
1212 1415 1293 1472 (pr.
1329 1415 1553 1470 Rodenas,
1587 1417 1780 1460 ZApim
1816 1417 1959 1474 1879).

234 1487 363 1531 1349.
397 1487 729 1542 Helichryson
761 1487 1044 1532 serotinum
1074 1488 1226 1533 B01ss.
1282 1489 1459 1543 Species
1492 1490 1690 1533 omnium
1721 1491 1769 1534 in
1791 1491 2015 1546 Hispania
2037 1493 2228 1536 australi

85 1552 132 1592 et
164 1547 557 1591 austro—orientali
600 1547 908 1591 habitantium
952 1549 1334 1602 communissima,
1381 1562 1408 1591 a
1440 1549 1586 1593 Catal.
1622 1550 1833 1593 orientali
1864 1564 1942 1605 per
1974 1552 2228 1606 provincias

83 1607 374 1652 mediterran.
408 1609 454 1649 et
486 1607 701 1650 Baeticae
744 1620 884 1661 usque
927 1608 985 1650 ad
1027 1607 1222 1650 confinia
1266 1608 1511 1651 lusitanica
1554 1609 1807 1665 divulgata.
1871 1611 2081 1654 Formam
2119 1611 2227 1668 (non

85 1666 374 1723 varietatem)
419 1666 684 1720 pedunculis
729 1671 853 1709 arcte
898 1668 1164 1711 tomentosis
1204 1667 1684 1724 (lepidiformem)
1718 1669 1803 1726 leg.
1838 1670 2000 1714 PORTA
2033 1677 2078 1714 et
2109 1672 2226 1716 Rmo

88 1725 206 1769 1890
235 1726 283 1768 in
316 1725 462 1769 collib.
497 1739 561 1780 pr.
596 1725 943 1770 Velez-Blanco.

236 1799 424 1843 1349bis,
458 1798 791 1856 Helichryson
822 1800 1023 1844 Picardi
1055 1801 1206 1845 B01ss.
1240 1802 1386 1846 REUT.
1420 1803 1588 1858 Diagn.
1621 1803 1679 1857 pl.
1716 1803 1876 1847 orient.
1913 1816 1995 1847 ser.
2027 1803 2086 1858 II,
2121 1818 2163 1848 n.
2188 1805 2227 1853 4.

84 1872 126 1914 p.
150 1858 262 1903 103!
295 1859 369 1915 (H.
393 1861 642 1903 serotinum
673 1868 715 1914 β.
747 1861 1066 1903 intermedium
1088 1861 1199 1904 Lem.
1223 1862 1371 1915 quoad
1402 1861 1608 1916 plantam
1630 1863 1920 1918 Gaditanam,
1956 1863 2069 1907 PER.
2097 1864 2229 1908 LARA

86 1919 114 1962 l.
139 1933 175 1962 c.
199 1932 239 1973 p.
265 1918 350 1961 179
364 1918 406 1975 !).
455 1917 623 1962 Differt
655 1933 682 1961 a
713 1920 917 1974 praeced.
941 1920 1148 1974 corymbo
1181 1921 1324 1964 multo
1347 1922 1495 1977 magis
1517 1923 1775 1977 compositO,
1810 1922 2020 1966 calathiis
2042 1925 2229 1968 minutis

88 1977 602 2032 obconico-cylindricis,
636 1979 845 2022 anthedii
877 1980 1074 2033 squamis
1106 1979 1238 2023 valde
1269 1981 1605 2035 inaequalibus,
1638 1981 1804 2025 infimis
1836 1981 2035 2025 breviter
2067 1984 2228 2036 ovatis,

85 2038 216 2081 dorso
258 2037 448 2091 lanatis,
493 2039 775 2081 intermediis
808 2038 1195 2095 ovato-oblongis,
1241 2040 1371 2083 dorso
1405 2040 1636 2095 puberulis
1669 2041 2059 2097 glandulosisque,
2105 2044 2229 2097 apice

84 2096 521 2151 cucullato-infiatis,
555 2097 849 2141 interioribus
882 2098 1130 2142 linearibus
1156 2099 1341 2155 glabris,
1376 2100 1507 2143 dorso
1529 2100 1749 2155 pellucido
1773 2101 2069 2157 glandulosis,
2105 2103 2229 2157 apice

86 2156 632 2212 spathulato-cucullatis,
677 2158 856 2201 corollis
897 2159 1075 2212 paucis,
1121 2158 1351 2202 achaeniis
1395 2159 1681 2217 (junioribus)
1726 2161 2047 2217 eglandulosis.
2111 2163 2230 2206 Tota

85 2216 246 2271 planta
278 2215 385 2259 lana
416 2230 554 2270 parca
587 2217 929 2271 adpressissima
963 2217 1123 2273 obsita,
1159 2220 1606 2263 canescenti-virens.

233 2275 290 2318 In
322 2277 525 2319 arenosis
558 2282 604 2320 et
636 2277 803 2331 pinetis
835 2278 1033 2331 provinc.
1068 2277 1326 2321 Gaditanae
1367 2278 1443 2334 (ad
1476 2279 1575 2322 Pt0.
1611 2279 1665 2322 de
1699 2280 1792 2323 Sta.
1826 2281 1993 2335 Maria,
2036 2281 2228 2334 PrcARD,

144 2335 305 2388 REUT„
338 2335 526 2390 Bonae„
561 2336 739 2379 Dehesa
772 2337 826 2379 de
848 2336 1127 2380 Malduerme
1157 2338 1281 2381 urbis
1303 2339 1449 2393 Jerez,
1483 2339 1597 2382 PER.
1621 2339 1786 2396 LARA).
1821 2365 1877 2372 —
1910 2349 1956 2391 Δ.
1981 2341 2085 2395 JuL,
2109 2343 2228 2398 Aug.

162 2408 205 2438 n.
239 2394 314 2450 v.).

145 2395 160 2452 <
238 2453 366 2497 1360.
399 2454 540 2498 Evax
570 2467 818 2510 pygmaea
850 2455 899 2499 P.
949 2455 1168 2499 Provenit
1200 2469 1372 2510 quoque
1403 2457 1452 2500 in
1483 2471 1606 2512 prov.
1631 2458 1798 2514 Gadit„
1832 2459 1910 2502 ubi
1930 2459 2073 2514 frequ.
2098 2460 2228 2517 (PER.

86 2512 235 2567 LARA)
268 2518 314 2556 et
345 2514 448 2557 Vet.
482 2514 604 2557 Cast.
638 2516 720 2572 (pr.
753 2515 866 2558 Alar
899 2515 971 2558 del
1002 2517 1112 2571 Rey,
1146 2516 1341 2570 LEVIER,
1375 2516 1523 2573 1879).

234 2587 364 2632 1361.
397 2588 536 2632 Evax
567 2588 751 2645 exigua
783 2590 872 2633 DC.
929 2588 1164 2633 Observ.
1212 2590 1383 2634 Planta
1415 2591 1498 2634 sub
1529 2590 1611 2635 hoc
1643 2593 1823 2636 nomine
1852 2592 1880 2637 1.
1905 2606 1940 2638 c.
1965 2597 2230 2637 enumerata

88 2652 158 2692 est
188 2647 242 2691 Ε.
265 2647 588 2692 Cavanillesii
610 2650 742 2693 Rour
773 2650 823 2692 in
843 2650 1084 2693 REVERCH.
1109 2650 1167 2704 pl.
1191 2651 1351 2694 exsicc.
1375 2652 1486 2694 anni
1519 2651 1635 2695 1888
1667 2653 1846 2710 (Filago
1878 2666 2100 2710 pygmaea
2123 2654 2229 2698 CAV.

88 2707 117 2751 1.
150 2706 219 2764 0.).
254 2733 309 2739 -
341 2707 394 2751 Ε.
429 2708 596 2764 exigua
627 2708 718 2752 DC.
751 2709 801 2751 in
831 2709 1057 2764 Hispania
1089 2723 1181 2752 non
1212 2711 1434 2764 provenit.

234 2766 286 2810 Ε.
311 2767 614 2821 Cavanillesii,
649 2768 819 2822 species
851 2782 1050 2825 perrara,
1085 2769 1224 2812 etiam
1254 2770 1303 2812 in
1324 2770 1514 2824 Hispan.
1539 2771 1733 2815 australi
1765 2773 1961 2816 occurrit
1992 2773 2058 2830 (in
2081 2773 2231 2816 Sierra

144 2825 198 2869 de
229 2826 405 2882 Ronda,
439 2827 681 2871 REVERCH.
718 2826 845 2882 1889,
880 2828 1031 2872 Sierra
1064 2829 1118 2872 de
1150 2829 1379 2885 Cartama,
1412 2843 1476 2884 pr.
1500 2830 1751 2887 Algeciras,
1784 2832 2048 2876 Rmvmncm
2083 2831 2228 2889 1888).

235 2900 365 2944 1362.
399 2901 541 2944 Evax
572 2903 850 2957 carpetana
881 2901 993 2946 LGE.
1058 2903 1231 2946 Crescit
1271 2916 1445 2958 quoque
1482 2904 1533 2947 in
1563 2906 1765 2961 Aragon.
1799 2906 1994 2950 australi
2024 2907 2107 2962 (pr.
2140 2906 2231 2950 Las

85 2959 256 3004 Parras
299 2960 353 3003 de
385 2961 578 3016 Martin,
623 2961 673 3004 in
711 2962 830 3005 valle
863 2963 1094 3005 Barranco
1140 2963 1194 3005 de
1237 2962 1282 3005 la
1314 2963 1455 3006 Zorra
1497 2964 1557 3007 ad
1599 2966 1698 3020 ped.
1731 2965 1996 3020 Castelfrio‚
2041 2965 2229 3021 BADAL).

85 3019 231 3074 Prope
264 3019 306 3063 el
335 3020 542 3063 Escorial
574 3034 674 3064 eam
706 3020 919 3078 legerunt
949 3035 1060 3066 com.
1084 3023 1432 3067 TORREPANDO!
1467 3022 1582 3066 1874
1615 3029 1661 3068 et
1693 3024 1746 3068 01.
1772 3024 2030 3070 WmKLER!
2063 3025 2229 3082 (1876).

235 3092 364 3138 1363.
388 3094 528 3138 Evax
550 3095 916 3140 asterisciflora
931 3097 1071 3140 PERs.
1106 3097 1180 3140 Pr.
1200 3096 1242 3139 el
1259 3097 1463 3141 Escorial
1485 3111 1585 3142 eam
1606 3098 1693 3156 leg.
1712 3099 2040 3144 cl.W1NKL1‹:R!
2063 3098 2231 3157 (1876),

84 3166 151 3209 pr.
183 3153 479 3198 Villaviciosa
522 3154 576 3198 de
609 3155 739 3199 Odon
771 3160 818 3199 et
848 3155 1098 3200 Madritum
1130 3155 1183 3200 cl.
1218 3157 1445 3201 Tnxmon.
1507 3157 1624 3202 Hab.
1658 3159 1798 3203 etiam
1827 3160 1877 3202 in
1909 3159 2030 3203 Cast.
2063 3159 2230 3203 Vetere

87 3213 172 3271 (pr.
204 3212 487 3269 Valladolid,
523 3213 705 3272 TExm.)
746 3215 867 3259 unde
908 3216 958 3258 in
998 3229 1191 3272 regnum
1228 3216 1512 3272 Legionense
1555 3219 1818 3262 extenditur
1849 3218 2052 3276 (TExm.)
2095 3223 2231 3273 atque

84 3272 134 3316 in
164 3285 287 3327 prov.
312 3273 466 3317 Gadit.
490 3272 572 3330 (pr.
596 3273 814 3318 Chiclana
844 3275 894 3318 in
924 3275 1105 3330 pinetis,
1139 3276 1272 3320 Jerez
1305 3276 1400 3319 loco
1433 3275 1579 3320 Llano
1612 3277 1666 3321 de
1689 3277 1895 3332 Caulina,
1929 3279 2042 3322 PER.
2067 3277 2229 3335 LARA).

236 3345 366 3390 1364.
399 3346 540 3390 Evax
570 3346 994 3404 micropodioides
1017 3348 1123 3394 Wx.
1165 3348 1232 3393 Cf.
1256 3349 1362 3394 Wx.
1395 3350 1622 3396 Illustrat.
1655 3352 1716 3408 H,
1748 3366 1790 3407 p.
1825 3351 1894 3407 15,
1928 3357 1961 3396 t.
1987 3351 2144 3407 XCIX,
2176 3352 2228 3396 B.

85 3405 215 3451 Adde
252 3405 376 3450 loca:
420 3406 571 3450 Sierra
606 3407 795 3452 Nevada
835 3409 895 3452 ad
932 3409 1132 3464 Dornajo
1171 3408 1448 3466 (memnl
1483 3409 1637 3468 1876),
1680 3411 1850 3468 Cortijo
1891 3411 1946 3455 de
1983 3411 2029 3455 la
2058 3411 2230 3456 Vibora

85 3463 295 3519 (ΗΠΤΕΒἘ
327 3465 505 3520 Pom,
527 3466 659 3522 Rrec,
686 3466 833 3523 1879),
866 3481 930 3522 pr.
954 3468 1051 3512 urb.
1074 3468 1291 3513 Granada
1312 3469 1396 3512 int.
1420 3469 1603 3527 Colegio
1626 3470 1681 3514 de
1703 3470 1994 3515 Sacromonte
2016 3476 2063 3515 et
2084 3474 2228 3514 sanct.

87 3523 171 3568 Sti.
203 3523 452 3580 Michaelis,
485 3525 566 3570 alt.
592 3524 680 3569 700
699 3539 757 3581 m,
790 3526 897 3571 WK.
920 3526 1087 3585 (1873).
1142 3528 1350 3573 Occurrit
1381 3529 1522 3573 etiam
1551 3530 1601 3573 in
1632 3543 1773 3587 regno
1806 3530 1946 3574 Mure.
1981 3529 2170 3587 (Rossm.
2184 3530 2232 3587 1).ι

237 3597 369 3643 1365.
402 3598 653 3655 Micropus
685 3600 1017 3657 bombycinus
1048 3601 1163 3645 ΒΑΘ.
1227 3601 1447 3647 Provenit
1486 3616 1660 3659 quoque
1701 3605 1750 3647 in
1782 3603 1927 3648 Catal.
1962 3603 2015 3661 (c.
2048 3603 2227 3659 Lerida,

86 3655 270 3774 goma),
314 3671 456 3715 regno
488 3659 672 3704 Valent.
713 3659 900 3718 (Mongo
940 3675 1006 3717 pr.
1041 3661 1210 3716 Denia,
1253 3661 1404 3720 Rour)
1447 3667 1495 3707 et
1533 3676 1656 3718 prov.
1690 3663 1843 3708 Gadit.
1881 3664 1964 3721 (pr.
1998 3662 2227 3717 Chiclana,

124 3727 227 3761 om.
251 3752 260 3760 .
