2455 4033
1125 151 1249 208 255

313 310 350 352 δ.
385 311 710 362 congestus
744 308 892 351 WEBB
925 307 952 349 1.
987 320 1022 350 c.
1092 308 1296 363 „Nanus,
1341 306 1536 360 undique
1568 306 1673 360 pilis
1706 305 1915 349 brevibus
1956 310 2250 360 tomentosus,

383 366 521 409 ramis
542 366 741 410 robustis
762 366 1129 419 intricatissimis,
1162 365 1363 409 ramellis
1383 364 1676 418 tenuissimis,
1710 364 2112 421 glabrescentibus,
2134 366 2251 409 flori-

384 424 470 492 bus
500 425 771 526 1111ηοῖ11165,
815 425 1058 468 bracteolis
1090 424 1567 478 lineari-lanceolatis,
1612 424 1762 478 calyce
1806 423 2111 480 glabriusculo
2154 425 2252 468 basi

264 542 320 585 In
351 483 882 599 pssdyfobialgcfssgigrra
914 543 968 586 de
1000 542 1133 598 Mijas
1178 543 1255 585 alt.
1299 541 1594 585 1000—1100
1624 556 1691 597 m,
1734 543 1877 596 Hor,
1919 544 2087 597 Poma,
2120 544 2250 595 Rrec,

177 601 305 657 1879,
338 614 430 645 exs.
464 615 507 645 n.
543 602 713 659 11771).
748 628 801 634 —
834 602 951 646 Hab.
984 603 1032 644 in
1064 602 1310 645 Mauritan.
1345 601 1593 658 tingitana.

265 675 394 720 3946.
428 675 555 719 Ulex
586 675 816 720 Jussieui
848 677 1011 719 WEBB.
1076 676 1284 720 Occurrit
1316 689 1512 730 quoque,
1557 676 1635 719 sed
1667 675 1820 718 rariss.
1864 676 1911 718 in
1943 688 2065 730 prov.
2099 675 2251 718 Gadit.

117 736 182 792 (in
213 735 384 779 Puerto
417 735 489 778 del
522 734 731 792 Quejigal
764 736 949 778 ditionis
981 734 1077 778 urb.
1111 736 1257 789 Jerez,
1291 735 1406 778 PER.
1440 735 1595 778 LARA!
1631 734 1778 791 1873).

265 809 394 852 3947.
429 809 555 853 Ulex
587 809 834 852 australis
860 809 998 852 CLEM.
1035 808 1198 865 (1807).
1253 808 1488 852 Observ.
1537 809 1710 851 Nomen
1742 809 1842 865 lege
1874 809 2127 863 prioritatis
2158 823 2252 852 mu-

115 868 306 912 tandum
327 869 375 911 in
392 869 446 912 U.
470 868 851 923 parviflorus
874 868 1049 912 Poena.
1074 868 1101 910 1.
1120 881 1155 911 c.
1181 866 1348 924 (1788).
1375 892 1429 898 -
1452 868 1627 924 Vulgo:
1660 869 1721 924 „A
1733 868 1905 924 ulaga
1927 867 2071 911 fina“
2099 868 2250 912 Gadit.

264 941 394 984 3948.
426 941 553 985 Ulex
583 943 885 985 recurvatus
907 941 1012 984 WK.
1067 941 1300 985 Observ.
1349 941 1570 984 Deleatur
1600 940 1712 984 haec
1745 940 1926 995 species,
1961 954 2074 995 quae
2097 941 2161 984 nil
2184 946 2253 986 est

116 1002 206 1045 nisi
247 1000 395 1044 forma
436 1001 625 1044 ramulis
668 999 1134 1044 arcuato-recurvatis
1165 1001 1218 1044 U.
1251 999 1457 1055 parvis
1467 1000 1586 1042 lori
1617 1000 1795 1044 Poma.
1840 1001 1979 1043 etiam
2020 1001 2069 1043 in
2111 1015 2252 1057 regno

115 1059 362 1103 Valentino
395 1064 442 1103 et
473 1061 612 1103 Mure.
647 1060 713 1117 (in
745 1061 897 1104 Sierra
928 1060 982 1103 de
1015 1059 1219 1103 Castalla
1252 1063 1297 1102 et
1328 1060 1376 1102 in
1408 1064 1560 1102 monte
1593 1060 1811 1115 Mugron,
1846 1060 2010 1103 PORTA
2043 1065 2090 1103 et
2120 1060 2251 1114 Rrec,

116 1118 253 1175 1890)
287 1123 333 1163 et
364 1119 660 1174 probabiliter
693 1119 839 1162 adhuc
872 1119 982 1162 alibi
1013 1119 1294 1174 proveniens.
1347 1119 1418 1161 Ex
1451 1118 1660 1172 opinione
1693 1119 1745 1162 cl.
1768 1119 1869 1161 PAU
1901 1119 2022 1177 (Not.
2055 1119 2146 1163 bot.
2170 1121 2252 1175 III,

114 1192 156 1233 p.
190 1178 270 1233 25,
304 1179 391 1234 IV,
425 1193 465 1234 p.
501 1179 600 1235 221)
631 1179 689 1222 6(1
720 1179 836 1222 hanc
869 1179 1062 1233 speciem
1092 1179 1140 1221 in
1171 1179 1395 1233 Hispania
1428 1178 1820 1221 austro-orientali
1853 1182 1899 1221 et
1931 1179 2124 1222 australi
2156 1179 2252 1222 vul-

114 1239 403 1294 gatissimam
433 1238 660 1281 referendi
692 1241 801 1281 sunt
833 1239 973 1280 etiam
1003 1238 1057 1281 U.
1090 1237 1486 1281 'Willkommii
1518 1236 1681 1293 WEBB,
1715 1238 1768 1280 U.
1801 1236 2253 1281 VVelwitschia-

115 1310 223 1341 nus
265 1298 471 1341 PLANGH.
517 1300 563 1340 et
604 1298 656 1341 U.
687 1296 1118 1353 janthoclados
1157 1297 1332 1352 WEBB,
1376 1296 1422 1339 id
1466 1297 1583 1350 quod
1627 1295 1850 1340 botanicis
1893 1296 2123 1352 indigenis
2166 1298 2253 1341 dis-

115 1357 388 1400 cernendum
420 1356 728 1410 relinquimus.
777 1356 1027 1399 Botanicus
1060 1355 1400 1412 segobricensis,
1434 1356 1510 1410 qui
1542 1356 1655 1399 duas
1677 1357 1730 1399 U.
1753 1355 1984 1410 parviflori
2013 1356 2254 1400 varietatis

114 1417 349 1471 proposuit
395 1417 455 1473 (α.
500 1416 964 1471 rectiusculum,
1013 1428 1204 1469 quocum
1250 1416 1303 1458 U.
1347 1414 1789 1470 provincialem
1820 1414 1953 1459 11015.
2003 1416 2251 1472 conjunxit.

113 1484 155 1529 β.
179 1475 202 1518 f
210 1475 292 1518 alc
304 1478 473 1530 atum,
508 1476 565 1518 ad
587 1489 718 1530 quem
740 1476 909 1530 species
930 1475 1190 1529 hispanicas
1212 1475 1381 1518 citatas
1403 1474 1552 1531 duxit)
1576 1488 1749 1528 quoque
1768 1476 2036 1530 suspicatur,
2062 1476 2115 1519 U.
2134 1477 2262 1522 Jus-.

113 1535 270 1578 sieui
304 1534 474 1589 prolem
504 1534 741 1589 hybridam
775 1535 825 1578 U.
859 1535 971 1577 nani
1003 1538 1049 1577 et
1081 1535 1294 1588 europaei
1326 1547 1436 1578 esse.

263 1608 392 1652 3949.
426 1608 554 1652 Ulex
584 1608 820 1653 baeticus
852 1609 1004 1652 B01ss.
1058 1609 1206 1652 Valde
1239 1609 1506 1664 divulgatus
1537 1609 1586 1651 in
1615 1609 1846 1652 montibus
1877 1610 2075 1663 provinc.
2099 1608 2251 1652 Gadit.

115 1668 246 1725 (PER.
279 1666 446 1724 LARA).
481 1694 537 1699 —-
569 1668 721 1725 Vulgo
760 1669 825 1725 „A
838 1669 1022 1724 ulaga
1055 1669 1340 1723 16611616(ζ
1378 1668 1531 1711 Gadit.

113 1803 232 1859 (PER
263 1741 414 1845 3Ι9ΞΞοΑ
417 1742 553 1859 )Π16Χ
578 1743 938 1798 janthoclados
971 1742 1134 1786 WEBB.
1198 1743 1351 1786 Adde:
1401 1743 1449 1785 in
1481 1743 1652 1786 Llanos
1697 1743 1751 1785 de
1788 1742 1981 1786 Caulina
2022 1755 2087 1797 pr.
2121 1744 2252 1787 Jerez

262 1868 391 1912 3953.
425 1869 551 1913 Ulex
583 1881 859 1913 canescens
893 1869 1004 1912 Len.
1068 1869 1220 1912 Adde:
1266 1883 1360 1914 var.
1396 1868 1452 1926 <?)
1486 1867 1896 1924 sparsiflorus
1927 1869 2042 1912 11611.
2086 1869 2253 1926 Diagn.

112 1928 174 1983 II,
206 1942 248 1983 p.
271 1928 352 1971 12!
406 1929 588 1984 „Ramis
622 1929 849 1985 elongatis
881 1927 1157 1982 ramulisque
1188 1928 1362 1983 patulis
1393 1927 1556 1972 leviter
1578 1928 1822 1983 puberulis,
1855 1928 2097 1984 phyllodiis
2121 1928 2254 1972 subu-

111 1986 233 2043 latis‚
266 1989 440 2031 ramulo
474 1988 754 2043 superposito
788 1988 1021 2031 multoties
1053 1987 1346 2044 brevioribus,
1381 1987 1567 2031 floribus
1587 1988 1850 2044 majUsculis
1873 1988 2103 2044 solitariis,
2138 2001 2161 2031 e
2183 2002 2254 2031 ra-

110 2047 246 2091 mulis
278 2047 558 2091 secundariis
592 2047 726 2101 ortis,
771 2047 1014 2091 bracteolis
1047 2048 1218 2102 ovatis,
1263 2048 1415 2103 calyce
1449 2048 1585 2091 dense
1619 2048 1812 2104 sericeo,
1857 2047 2085 2104 legumine
2118 2047 2254 2092 (161156

111 2106 268 2162 piloso,
303 2106 581 2161 semilunari,
616 2107 724 2162 styli
757 2107 907 2163 glabri
938 2107 1037 2150 basi
1069 2106 1342 2162 persistente
1375 2107 1567 2162 abrupte
1598 2107 1885 2151 terminato.“
1953 2108 2167 2164 (LANGE.)

259 2166 319 2280 {Lu
349 2167 647 2221 promontorii
679 2167 799 2210 Cabo
834 2167 888 2210 de
918 2166 1040 2209 Gata
1072 2167 1259 2221 rupibus
1291 2166 1514 2210 umbrosis
1558 2166 1711 2223 (Hor,
1746 2167 1904 2221 Pom..
1938 2167 2070 2222 R1eo,
2105 2166 2251 2223 1879).

171 2251 227 2257 --
309 2226 492 2280 ,April
527 2226 587 2283 (n.
621 2226 694 2283 v.).

259 2298 388 2343 3954.
423 2299 747 2355 Calycotome
779 2300 989 2355 spinosa
1020 2301 1102 2343 LK.
1165 2301 1317 2344 Adde:

302 2367 344 2413 β.
378 2358 615 2403 infesta
647 2359 799 2415 Urusa,
833 2359 956 2402 foliis
990 2359 1150 2403 subtus
1183 2359 1378 2416 56116615,
1411 2359 1640 2416 legumine
1673 2361 2096 2417 argenteo-sericeo

259 2418 467 2462 Occurrit
499 2418 807 2463 Gibraltariae
842 2420 1012 2476 (DAsor
1042 2422 1160 2462 teste
1193 2418 1435 2476 GAUDoe.)

259 2491 389 2535 3955.
424 2493 748 2549 Calycotome
768 2494 951 2538 villosa
971 2495 1053 2537 LK.
1103 2494 1249 2538 Valde
1282 2494 1524 2551 divulgata
1554 2508 1633 2548 per
1664 2494 1897 2551 regionem
1928 2494 2129 2537 inferior.
2152 2507 2252 2549 pro-

109 2550 286 2596 vinciae
317 2552 487 2608 Gadit,
521 2552 600 2597 ubi
631 2553 736 2597 hinc
766 2554 872 2597 inde
905 2553 1112 2597 abundat
1144 2553 1274 2608 (PER.
1308 2553 1474 2609 LARA).

258 2628 281 2670 ⁴?
299 2626 488 2670 39551018.
523 2627 844 2682 Calycotome
876 2627 1146 2684 hispanica
1176 2628 1310 2673 Romr
1341 2630 1390 2672 in
1421 2628 1539 2672 Bull.
1574 2642 1660 2672 soc.
1694 2628 1786 2672 bot.
1814 2629 2001 2682 France,
2035 2629 2252 2673 XXXVII

112 2684 266 2742 (1890)
311 2699 352 2740 p.
388 2686 498 2730 1621
561 2687 707 2731 Valde
738 2701 942 2744 ramosa,
986 2688 1125 2731 ramis
1167 2687 1355 2732 ramulis
1399 2687 1522 2731 foliis
1554 2688 1869 2744 calycibusque
1901 2687 2251 2743 sericeo-pubes-

109 2744 339 2799 centibus,
381 2745 569 2789 floribus
601 2746 844 2802 solitariis,
888 2747 1120 2802 pedicellis
1153 2748 1303 2802 calyce
1336 2748 1472 2802 duplo
1503 2747 1807 2804 longioribus3
1849 2746 2078 2804 legumine
2116 2748 2251 2792 1—2-

109 2817 306 2859 spermo,
350 2805 476 2848 brevi
518 2805 712 2862 (15—20
742 2821 832 2850 mm
863 2807 891 2851 1.
936 2811 982 2850 et
1015 2806 1130 2849 4-5
1162 2821 1252 2850 111111
1282 2807 1397 2864 lato)
1439 2807 1652 2862 adpresse
1695 2807 1986 2863 albo-piloso,
2029 2806 2251 2864 marginis

108 2863 354 2919 superioris
387 2864 569 2921 angulis
600 2864 869 2910 incrassatis
901 2880 992 2910 non
1024 2866 1174 2910 alatis.
1208 2893 1261 2897 »-
1285 2868 1358 2910 An
1389 2867 1541 2922 potius
1573 2866 1774 2910 identica
1807 2880 1908 2909 cum
1940 2865 1986 2910 C.
2020 2865 2250 2911 infesta

108 2923 245 2967 Guss.
281 2927 362 2967 aut
394 2925 706 2978 praecedentis
737 2925 973 2970 varietas?

257 2984 313 3026 In
344 2997 486 3039 regno
508 2985 648 3027 Mure.
684 2984 749 3042 (in
781 2985 970 3029 collibus
1003 2999 1038 3030 c.
1063 2985 1336 3041 Cartagena,
1370 2985 1542 3029 Comei*
1575 2984 1722 3042 1886).
1758 3011 1811 3016 -—
1846 2985 1902 3042 ὴ.
1936 2984 2057 3042 Majo
2091 2986 2150 3043 (n.
2174 2986 2248 3042 v.)

259 3056 389 3100 3956.
422 3087 426 3091 -
453 3057 660 3113 Cytisus
682 3061 869 3114 patens
891 3060 942 3102 L.
987 3059 1268 3115 Divulgatus
1290 3058 1338 3102 in
1358 3062 1490 3114 parte
1511 3059 1642 3115 regni
1665 3059 1847 3104 Valent.
1870 3059 2043 3103 boreali
2075 3060 2248 3117 (PAui).

107 3114 157 3158 in
189 3116 385 3160 australi
418 3118 557 3160 etiam
587 3117 636 3160 in
668 3118 819 3161 Sierra
850 3119 1045 3162 Mariola
1078 3119 1260 3175 (PORTA
1292 3122 1339 3162 et
1369 3119 1501 3173 Rrec,
1536 3118 1682 3176 1890).

258 3189 388 3234 3957.
423 3190 626 3245 Cytisus
657 3191 1079 3237 tribracteolatus
1113 3192 1203 3235 DC.
1267 3192 1419 3236 Adde:
1463 3191 1512 3235 in
1545 3192 1718 3236 ditione
1749 3192 1874 3236 urbis
1907 3193 1935 3237 J
1939 3205 2040 3236 erez
2082 3191 2130 3235 in
2162 3193 2249 3236 De-

106 3248 216 3293 hesa
247 3249 301 3293 de
333 3249 634 3294 Garcisobaco
669 3254 715 3294 et
746 3252 926 3295 Dchesa
957 3253 1011 3295 de
1043 3252 1089 3295 la
1120 3251 1265 3294 Jarda
1298 3252 1429 3309 (PER.
1462 3252 1618 3295 LARA!
1652 3251 1799 3308 1876).

254 3323 384 3367 3959.
419 3323 622 3379 Cytisus
655 3325 929 3370 candicans
972 3326 1061 3383 (L.)
1105 3327 1194 3370 DC.
1258 3327 1408 3370 Adde:
1457 3327 1507 3369 in
1550 3326 1740 3370 collibus
1787 3326 1987 3370 dumosis
2035 3340 2070 3369 c.
2113 3326 2248 3387 Jerez

105 3381 249 3438 frequ.
283 3384 415 3440 (PER.
450 3383 610 3441 LARA).

299 3451 341 3497 β.
374 3443 734 3488 Kunzeanus
764 3445 872 3489 WK.
906 3445 1064 3489 Prodr.
1099 3458 1141 3489 n.
1175 3444 1314 3500 3958,
1361 3445 1535 3489 Illustr.
1568 3445 1605 3500 I,
1637 3459 1678 3500 p.
1714 3444 1793 3501 72,
1837 3445 2113 3489 t.‚XLVIII.
2177 3444 2244 3489 Of.

373 3502 488 3545 PER.
522 3502 655 3546 LARA
687 3502 715 3547 1'.
751 3517 785 3548 c.
819 3518 860 3559 p.
893 3505 1003 3548 496!

256 3561 384 3604 Adde
407 3561 528 3605 loca:
561 3563 610 3605 in
627 3561 778 3606 Sierra
801 3563 855 3607 de
877 3563 1011 3607 Luna
1033 3563 1258 3621 (LAGUNA,
1283 3562 1502 3621 W1N1z1..)‚
1535 3577 1571 3607 c.
1594 3563 1806 3619 Ubrique,
1828 3565 1983 3618 Arcos,
2007 3563 2243 3619 Castellar‚

166 3621 298 3665 Jerez
331 3624 378 3664 et
410 3620 521 3664 alibi
551 3620 694 3676 frequ.
728 3622 860 3678 (PER.
894 3624 1084 3679 LARAl).

254 3686 384 3730 3961.
418 3687 625 3743 Cytisus
659 3688 873 3744 gallicus
905 3691 1058 3733 KERN.
1122 3689 1358 3734 Observ.
1407 3691 1538 3734 Beat.
1572 3690 1724 3734 Cos'rA
1765 3689 2000 3746 (Ampliac.
2034 3702 2075 3744 p.
2110 3689 2167 3732 74
2197 3695 2246 3734 et

107 3744 228 3801 Supl.
260 3759 301 3801 p.
328 3746 426 3804 181)
460 3745 506 3791 C.
539 3748 811 3802 supinum
832 3750 883 3793 L.
917 3749 957 3806 (P
990 3762 1050 3792 an
1080 3749 1232 3804 potius
1255 3748 1340 3793 Ga.
1363 3749 1578 3806 Gonn.?),
1612 3749 1665 3793 cl.
1689 3750 1916 3793 VAYREDA
1947 3748 1994 3806 (l.
2017 3761 2053 3792 c.
2085 3749 2244 3806 p.48!)

107 3804 154 3848 C.
188 3804 520 3861 capitatum
541 3807 665 3851 Mun.
699 3807 756 3865 (‘?)
788 3806 836 3850 in
859 3808 1005 3852 Catal.
1031 3807 1244 3852 orientali
1275 3807 1606 3853 indicaverunt.
1652 3809 1798 3864 Quum
1819 3808 2063 3863 specimina
2083 3807 2244 3852 harum
