2455 4033
1223 173 1345 228 128

229 328 281 369 (16
314 327 508 370 06161616
542 327 704 381 (Rome)
747 335 792 368 et
831 329 982 368 monte
1013 326 1208 380 Mugron
1249 338 1312 378 pr.
1347 324 1564 367 Ahnansa
1606 323 1786 380 (PORTA
1819 328 1864 366 et
1895 325 2031 380 Rleo,
2076 324 2230 381 1890);
2273 340 2339 380 pr.

229 385 428 428 Almeria
461 386 637 439 (PORTA
670 391 715 427 et
746 386 874 436 Rmo,
907 383 1053 438 1890).

415 453 456 498 β.
490 444 802 486 brachiata
833 444 885 485 A.
910 442 998 484 DC.
1047 442 1199 483 Etiam
1231 441 1278 483 in
1310 454 1449 495 regno
1472 441 1652 484 Valent.
1677 441 1845 497 (816116
1867 441 1920 484 (16
1942 442 2070 497 Ρ166,
2104 455 2139 485 6.
2162 442 2339 498 Altura,

488 502 693 557 Segorbe.
728 501 837 554 PAU,
872 501 1005 542 06116
1039 501 1092 542 (16
1124 499 1248 543 Ubar
1280 513 1343 553 pr.
1368 500 1627 554 Valldigna,
1660 499 1823 555 Rom).

374 575 499 616 1962.
535 574 842 627 Campanula
873 572 1155 615 Cervicaria
1185 574 1234 615 L.
1300 572 1530 615 Observ.
1585 572 1704 614 Loca
1737 573 2055 615 Catalauniae:
2100 572 2245 615 Plana
2285 574 2338 616 de

226 633 350 687 Vich,
385 632 545 686 Ripoll,
581 632 684 674 Olot
715 632 772 673 ad
805 632 849 674 0.
874 632 1261 685 glomeratam
1292 632 1356 686 1.,,
1391 645 1468 684 per
1491 631 1728 673 Catalaun.
1754 631 1883 673 valde
1915 631 2197 686 divulgatam
2225 631 2341 674 refe-

225 692 365 734 renda
408 694 525 733 sunt.
589 690 633 733 C.
668 690 922 732 Cervicaria
963 689 1170 743 provenit
1213 703 1247 732 c.
1281 690 1469 742 Besora,
1514 690 1773 744 Platraver‚
1818 689 2102 732 Collsacabra
2140 690 2339 746 (Vua),

227 749 475 801 Set-Casas,
509 750 555 790 in
588 749 704 790 valle
737 749 790 790 de
821 750 945 791 Aran
980 749 1169 805 (ISERN).

373 822 499 864 1964.
540 822 852 876 campanula
893 822 1206 865 Trachelium
1247 822 1296 865 L.
1362 822 1531 864 Crescit
1573 823 1710 864 etiam
1750 823 1799 864 in
1839 821 2027 865 Navarr.
2070 823 2123 878 (6.
2165 823 2338 876 Beteh'i,

226 882 518 995 {duguplgitgl
552 882 743 934 Fausto,
778 882 958 937 CASAV.)
992 884 1037 923 et
1068 894 1206 936 regno
1239 881 1420 924 Valent.
1456 882 1508 935 (c.
1543 880 1756 935 Segorbe,
1792 881 1988 935 Gaiviel,
2025 882 2073 923 in
2105 881 2254 924 Sierra
2286 882 2340 923 de

347 975 496 1055 ⁷1966.
532 1012 839 1066 Campanula
868 1013 1254 1067 rapunculoides
1286 1014 1336 1056 L.
1393 1013 1610 1055 Provenit
1641 1013 1780 1055 etiam
1809 1013 1858 1054 in
1888 1013 2094 1055 Navarra
2126 1012 2339 1074 (QASAV)

372 1085 497 1127 1967.
533 1085 840 1139 Campanula
870 1086 1154 1128 lanceolata
1181 1086 1291 1129 LAP.
1345 1087 1485 1129 Lecta
1517 1100 1544 1127 a
1577 1086 1629 1128 cl.
1654 1085 1998 1128 TlMBAL—LAGR.
2033 1086 2122 1130 Jul.
2147 1085 2259 1128 1871
2291 1087 2339 1128 in

223 1145 310 1187 Val
334 1145 386 1186 de
409 1145 559 1186 Bairos
593 1145 768 1199 (Pyren.
794 1145 978 1186 central.
1002 1143 1195 1200 hispan.)
1227 1146 1274 1187 in
1308 1145 1530 1187 consortio
1555 1145 1599 1187 0.
1624 1143 1769 1186 linis
1779 1144 1937 1186 oliae
1959 1145 2106 1187 LAMK.
2130 1145 2237 1200 (non
2259 1145 2343 1200 L.),

224 1216 337 1255 quae
371 1216 454 1245 sec.
489 1207 718 1245 auctorem
749 1203 921 1245 laudat.
954 1204 1000 1245 in
1033 1204 1177 1256 pratis
1207 1204 1339 1246 vallis
1373 1204 1426 1246 de
1451 1205 1575 1246 Aran
1610 1202 1982 1258 communissima,
2015 1204 2201 1256 ideoque
2234 1205 2344 1246 civis

223 1263 359 1304 fiorae
390 1262 660 1315 hispanicae.
715 1262 777 1304 01.
802 1262 1046 1305 COMPANYO
1080 1262 1233 1304 ambas
1267 1264 1432 1316 species
1464 1264 1512 1304 in
1545 1261 1748 1304 confiniis
1770 1262 2067 1304 Catalauniae
2100 1265 2145 1304 et
2167 1263 2345 1305 Galliae

224 1320 440 1375 (Pladells
472 1320 734 1362 Abellaners
800 1319 847 1362 in
890 1320 1075 1363 montib.
1109 1334 1172 1374 pr.
1209 1320 1428 1375 Carenca,
1471 1322 1519 1363 in
1557 1321 1674 1362 valle
1713 1320 1754 1363 fi.
1790 1320 1929 1375 Tech,
1971 1334 2036 1374 pr.
2068 1321 2135 1363 La
2166 1321 2342 1377 Preste)

225 1380 388 1434 legisse
419 1379 648 1432 pretendit
680 1379 845 1434 (Vim.
869 1379 936 1422 Pl.
960 1384 1052 1422 not.
1077 1393 1116 1433 p.
1142 1379 1239 1433 108,
1275 1379 1412 1435 1091).
1467 1379 1718 1433 8666116166
1750 1392 1841 1421 non
1872 1379 1978 1422 vidi.
2028 1380 2112 1422 Sed
2145 1392 2200 1422 ex
2220 1380 2340 1423 notis

224 1439 344 1480 (latis
386 1438 439 1479 (16
481 1438 550 1479 1113
592 1438 821 1490 speciebus
864 1441 910 1480 et
951 1438 1004 1480 de
1037 1438 1081 1480 0.
1115 1438 1519 1480 rhomboidali
1550 1439 1661 1481 LAP.
1696 1439 1803 1494 (non
1836 1437 1906 1492 L.)
1938 1451 1964 1479 a
1996 1438 2049 1481 cl.
2083 1439 2262 1481 TIMBAL
2291 1439 2340 1480 in

222 1497 350 1539 Mem.
386 1497 462 1538 des
496 1509 552 1538 sc.
576 1496 700 1549 phys.
735 1500 780 1538 et
812 1501 906 1539 nat.
934 1497 988 1539 de
1011 1497 1234 1539 Toulouse
1267 1497 1412 1553 (1872,
1446 1511 1485 1551 p.
1510 1497 1578 1550 95,
1613 1496 1713 1551 961)
1746 1502 1791 1539 61
1823 1510 1850 1538 6
1882 1497 1935 1540 61.
1959 1498 2122 1541 LORET
2152 1498 2200 1539 in
2221 1497 2340 1539 Bull.

223 1568 308 1598 soc.
343 1555 432 1597 bot.
467 1555 539 1597 Fr.
574 1554 718 1610 (1859,
752 1569 792 1608 p.
818 1554 946 1610 3881)
978 1560 1132 1609 patere
1164 1556 1273 1597 mihi
1304 1555 1495 1610 videtur,
1530 1556 1875 1609 descriptionem
1906 1556 1951 1598 0.
1984 1556 2263 1598 16666616166
2294 1557 2344 1599 16

223 1614 377 1656 Prodr.
402 1614 429 1656 1.
454 1627 488 1656 c.
516 1614 671 1655 datam
702 1618 836 1666 atque
870 1627 892 1656 e
914 1614 1048 1656 Flora
1081 1615 1246 1669 gallica
1270 1615 1354 1658 GR.
1379 1615 1522 1658 Goon.
1550 1618 1805 1668 excerptam
1834 1615 1882 1656 in
1913 1615 2118 1668 plantam
2138 1615 2344 1668 pyrenai—

223 1686 320 1714 cam
349 1673 465 1714 male
498 1673 730 1725 quadrare,
765 1673 1050 1726 quamobrem
1083 1673 1365 1715 characteres
1398 1673 1535 1716 trium
1566 1674 1726 1715 harum
1752 1674 1996 1726 specierum
2019 1677 2138 1716 teste
2160 1674 2340 1716 TIMBAL

222 1733 269 1773 in
300 1731 545 1786 Pyrenaeis
578 1731 754 1786 gallicis
786 1732 917 1774 valde
950 1732 1288 1787 divulgatarum
1319 1733 1483 1774 addere
1515 1733 1637 1775 volo:

372 1805 417 1848 0.
462 1805 807 1847 lanceolata
849 1805 957 1848 LAP.
1030 1805 1248 1848 Rhizoma
1297 1806 1492 1848 stolones
1540 1805 1856 1848 subterraneos
1902 1805 2132 1848 filiformes
2178 1807 2341 1849 tubera

222 1863 540 1905 moniliformia
572 1862 771 1906 serentes
804 1865 1027 1906 emittens.
1076 1864 1206 1906 Folia
1237 1864 1453 1906 basilaria
1477 1864 1577 1920 (sec.
1602 1864 1782 1919 LORET)
1804 1865 1939 1906 dense
1960 1865 2175 1918 rosulata,
2209 1865 2344 1920 longe

222 1922 461 1976 petiolata,
497 1921 993 1977 cordato—orbicularia,
1027 1923 1222 1965 obsolete
1257 1924 1510 1976 crenulata,
1546 1923 1725 1965 6661166
1758 1923 1860 1978 (366.
1894 1922 2046 1970 ΤΙΜΒ.)
2077 1923 2209 1967 valde
2240 1937 2342 1966 666-

221 1981 355 2036 ferta,
380 1981 736 2034 amplexicaulia,
761 1982 1176 2035 ovato-rotundata,
1202 1983 1403 2024 dentata.
1458 1982 1612 2024 Flores
1635 1982 1825 2035 capitati
1847 1982 1948 2038 (366.
1973 1981 2125 2038 ΤΙΜΒ.)
2145 1983 2194 2024 16
2217 1983 2344 2026 66616

224 2045 385 2094 616616,
420 2040 584 2082 6616116
616 2041 947 2093 campanulata.

370 2113 415 2155 0.
448 2112 720 2155 linifolia
752 2114 898 2155 LAMK.
934 2116 979 2156 et
1011 2113 1099 2156 DC.
1134 2114 1199 2156 Fl.
1233 2113 1288 2156 fr.
1323 2112 1476 2156 differt
1515 2127 1541 2155 a
1573 2115 1774 2167 praeced.
1809 2127 1893 2156 366.
1928 2115 2061 2157 ΤΙΜΒ.
2093 2114 2342 2158 rhizomate

222 2172 599 2225 perpendiculari,
635 2184 804 2225 crasso,
838 2172 1034 2227 lignoso,
1068 2185 1156 2213 non
1189 2172 1455 2225 tuberiferO,
1490 2172 1611 2214 foliis
1643 2177 1839 2228 anguste
1870 2172 2148 2227 lanceolatis,
2181 2175 2341 2228 acutis,

222 2231 538 2285 integerrimis,
572 2230 753 2273 basilar.
778 2232 1009 2285 (rosulatis
1021 2231 1060 2286 P)
1091 2232 1139 2272 in
1170 2232 1385 2285 petiolum
1417 2231 1597 2274 brevem
1628 2232 1893 2286 6116666113,
1927 2233 2088 2275 6616113
2113 2232 2343 2276 sessilibus

221 2302 311 2331 non
343 2289 751 2343 amplexicaulibus,
784 2289 969 2332 fioribus
1000 2291 1151 2343 parvis
1182 2290 1465 2343 nutantibus,
1499 2290 1665 2333 corolla
1696 2290 1938 2333 urceolata.
2002 2290 2163 2333 Caules
2193 2292 2342 2333 tenui-

225 2360 336 2402 ores,
368 2349 516 2390 minus
547 2347 710 2401 foliati,
743 2349 880 2391 ramis
912 2349 1183 2391 2-3-116113.
1247 2349 1416 2391 Planta
1448 2349 1790 2403 subpubescens,
1826 2350 1949 2403 apice
1981 2352 2247 2393 tomentosa.

369 2421 414 2464 0.
447 2422 878 2465 rhomboidalis
910 2423 1021 2465 LAP.
1084 2422 1467 2465 Praecedentibus
1499 2423 1640 2465 multo
1672 2423 1834 2478 major,
1876 2423 2123 2466 rhizomate
2154 2436 2340 2477 perpen-

223 2479 433 2535 diculari,
475 2481 607 2523 valde
650 2494 826 2536 grosso,
876 2480 998 2524 foliis
1041 2482 1219 2536 magnis
1263 2481 1493 2524 36331111663
1534 2481 1806 2537 (omnibusP)
1848 2482 2136 2536 lanceolatis,
2180 2483 2340 2538 acutis,

222 2542 390 2581 remote
423 2539 506 2582 sed
531 2541 790 2583 acutissime
822 2541 1034 2593 dentatis,
1067 2541 1170 2594 pilis
1201 2541 1363 2595 rigidis
1395 2540 1605 2594 hirsutis3
1643 2540 1847 2583 caulibus
1879 2540 2055 2583 30—40
2076 2554 2144 2584 cm
2175 2541 2224 2596 1.,
2258 2543 2342 2583 611-

224 2598 539 2653 spato-pilosis,
573 2599 705 2641 valde
735 2600 936 2654 ramosis,
970 2600 1107 2641 ramis
1138 2599 1287 2655 longis
1317 2598 1587 2654 multifloris,
1620 2599 1804 2642 fioribus
1825 2601 1977 2654 parvis
1999 2600 2341 2654 campanulatis,

222 2656 469 2709 pedunculo
504 2657 664 2712 gracili
695 2656 906 2700 suffultis.

308 2722 310 2724 ’
371 2715 463 2758 866.
499 2716 549 2758 61.
574 2716 711 2758 0661).
747 2716 832 2772 (ap.
851 2717 998 2759 VAYR.
1022 2717 1049 2758 1.
1074 2715 1129 2771 6.)
1160 2716 1271 2759 11666
1303 2717 1471 2770 species
1503 2717 1558 2759 ab
1592 2730 1641 2758 eo
1673 2730 1753 2770 pro
1786 2717 1831 2760 0.
1864 2716 2258 2760 rhomboidali
2288 2717 2339 2761 L.

281 2773 438 2816 habita
480 2775 528 2816 in
559 2775 720 2828 Pyren.
756 2775 899 2818 Catal.
933 2788 1067 2829 prope
1101 2775 1376 2829 Costabona,
1419 2776 1556 2818 Coma
1588 2775 1659 2818 del
1691 2775 1811 2818 Tech
1852 2777 2059 2829 provenit
2091 2775 2343 2832 (praeterea

281 2845 345 2886 pr.
379 2832 577 2886 Carenca
608 2834 656 2875 in
688 2833 867 2890 Gallia).

370 2904 498 2948 1968.
533 2905 840 2961 Campanula
871 2907 1133 2962 hispanica
1164 2907 1269 2950 WK.
1303 2932 1360 2939 —
1392 2907 1457 2950 Cf.
1491 2907 1713 2950 Illustrat.
1746 2908 1782 2962 I,
1817 2921 1857 2962 p.
1891 2907 1990 2962 129,
2022 2910 2055 2950 t.
2088 2907 2338 2951 LXXVIII.

222 2963 439 3078 grovenft
471 2965 608 3007 etiam
630 2966 678 3006 in
700 2965 911 3009 Cantabr.
937 2968 1016 3021 (pr.
1042 2965 1245 3020 Cervera,
1279 2967 1406 3020 Lm,
1441 2965 1571 3022 LEv.)
1593 2969 1638 3008 et
1659 2967 1864 3009 Navarra
1887 2966 1952 3024 (in
1972 2970 2124 3009 monte
2143 2967 2339 3020 Ipasate,

257 3035 383 3065 ASAv.
410 3057 417 3065 .

369 3081 496 3124 Adde
529 3081 648 3124 loca:
681 3082 728 3124 in
759 3096 881 3136 prov.
905 3084 1082 3126 Palent.
1114 3097 1178 3137 pr.
1202 3084 1313 3126 Alar
1344 3084 1414 3126 del
1435 3083 1532 3137 Rey
1565 3084 1628 3139 (in
1661 3083 1834 3126 fissuris
1863 3085 2041 3138 rupium
2072 3095 2198 3127 secus
2219 3084 2340 3126 viam

281 3138 486 3194 ferream,
520 3141 722 3183 LEviEa!
757 3141 902 3198 1879),
934 3143 982 3184 in
1014 3143 1134 3185 Cast.
1157 3143 1284 3185 Nova
1313 3156 1378 3196 pr.
1411 3142 1610 3185 thermas
1632 3142 1772 3185 Trillo
1806 3142 2157 3198 (TORREPANDol
2191 3141 2337 3198 1877),

280 3199 328 3240 in
359 3198 497 3254 Arag.
530 3212 594 3252 pr.
618 3199 865 3242 Camarena
897 3200 1032 3257 (PAU)
1066 3206 1112 3244 et
1141 3201 1190 3243 in
1222 3201 1371 3243 Sierra
1402 3202 1456 3243 de
1484 3201 1771 3244 Javalambre
1805 3202 2079 3258 (Rssvnncm
2113 3200 2258 3256 1891),
2289 3201 2338 3243 in

281 3257 442 3311 Pyren.
465 3258 666 3313 Aragon.
689 3271 753 3311 pr.
776 3259 1010 3313 Benasque
1036 3258 1213 3315 (COMP.!
1249 3259 1375 3313 1873,
1407 3259 1553 3302 forma
1575 3259 1892 3316 glabrescens),
1923 3260 1973 3302 in
1993 3272 2133 3316 regno
2154 3259 2335 3304 Valent.

283 3315 449 3370 (Sierra
481 3316 534 3358 de
565 3317 749 3372 Aitana,
783 3317 908 3371 LEV„
940 3332 1004 3372 pr.
1039 3318 1079 3361 S.
1112 3319 1265 3372 Felipe
1298 3319 1351 3361 de
1383 3319 1553 3371 Jativa,
1586 3318 1747 3375 Rome).

412 3381 453 3428 β.
489 3374 719 3429 glabra,
755 3376 887 3419 lacin.
922 3377 1135 3430 calycinis
1167 3377 1438 3432 praelongiS,
1471 3377 1630 3419 tubum
1660 3377 1755 3420 fere
1786 3380 1857 3419 ter
1889 3375 2218 3431 superantibus.

368 3432 514 3486 Prope
544 3434 656 3476 Alar
688 3434 758 3476 del
789 3435 885 3488 Rey
917 3448 1016 3478 cum
1047 3438 1153 3490 typo
1187 3435 1371 3492 (LEV.!).

370 3490 601 3535 Observ.
654 3492 716 3534 01.
740 3493 840 3535 PAU
874 3494 992 3549 (Not.
1015 3493 1106 3537 bot.
1131 3495 1190 3547 II,
1222 3507 1263 3548 p.
1287 3493 1362 3549 31)
1394 3494 1439 3536 0.
1473 3495 1869 3548 caespitosam
1900 3493 2042 3548 8666,
2074 3505 2208 3547 quam
2238 3505 2339 3535 cum

283 3547 559 3603 Campanula
589 3563 633 3594 n.
657 3551 743 3593 176
772 3551 822 3593 in
842 3551 975 3595 Assoi
1007 3553 1186 3606 synopsi
1215 3551 1478 3606 identificat,
1511 3565 1575 3605 pr.
1598 3552 1868 3595 Albarracin
1900 3565 1947 3596 se
1976 3553 2210 3606 reperiisse
2239 3563 2336 3605 pre-

281 3608 443 3651 tendit.
497 3608 643 3662 Quum
672 3622 775 3651 vero
809 3611 978 3663 species
1000 3611 1266 3665 Scopoliana
1295 3612 1344 3652 in
1365 3610 1555 3665 Alpibus
1577 3623 1720 3664 neque
1740 3611 1978 3654 Helvetiae
1998 3623 2141 3664 neque
2162 3609 2338 3654 Galliae

280 3664 508 3719 hucusque
551 3667 790 3710 observata
830 3667 969 3711 fuerit
1011 3670 1186 3724 (planta
1225 3669 1274 3712 in
1311 3669 1422 3711 flora
1454 3669 1621 3725 gallica
1652 3683 1680 3712 a
1709 3669 1828 3713 beat.
1861 3669 2075 3712 Gemma
2107 3667 2189 3712 sub
2219 3680 2335 3710 nom.

227 3768 233 3773 ,
281 3723 327 3766 0.
361 3726 636 3778 caespitosae
667 3739 767 3769 cum
798 3726 930 3769 dubio
963 3732 1226 3770 enumerata
1256 3730 1326 3770 est
1357 3728 1403 3770 0.
1435 3728 1726 3771 Bocconei
1755 3727 1925 3783 Van),
1956 3727 2078 3770 haud
2106 3725 2336 3781 probabile

281 3782 482 3837 videtur,
530 3784 734 3837 plantam
776 3785 1062 3829 carniolicam
1091 3787 1140 3829 in
1171 3787 1406 3842 Aragonia
1436 3787 1682 3840 provenire.
1745 3786 1932 3829 Accedit
1961 3786 2078 3840 quod
2104 3786 2198 3842 ι1616
2227 3784 2338 3827 006-
