2455 4033
1299 172 1420 226 162

565 341 604 370 v.
638 326 958 381 pyramidalem
989 324 1302 380 formantibus,
1335 324 1520 368 floribus
1551 326 1702 380 parvis
1733 326 1872 368 roseis
1903 339 1942 367 v.
1976 325 2262 382 rubentibus,
2295 325 2417 369 foliis

563 385 772 429 brevibus
804 384 1061 437 linearibus,
1095 383 1298 425 caulibus
1329 383 1461 426 valde
1493 383 1756 439 gracilibus,
1789 384 2018 427 interdum
2049 384 2416 428 subfiliformibus

566 445 633 500 (T.
657 444 891 498 Majorana
908 443 957 484 P.
992 456 1046 484 ex
1068 442 1274 495 opinione
1297 442 1349 484 cl.
1373 442 1518 485 Rom.
1543 467 1597 473 —-
1622 442 1687 485 Cf.
1706 441 1810 485 WK.
1833 442 2056 485 Illustrat.
2077 443 2139 496 II,
2172 457 2213 497 p.
2232 442 2300 497 78,
2325 442 2413 498 80).

447 503 501 546 In
533 516 671 558 regno
694 502 874 544 Valent.
909 502 961 554 (c.
990 501 1158 555 Jativa,
1185 500 1452 556 Valldigna,
1487 500 1639 555 Alcoy,
1674 499 1899 554 Orihuela,
1932 502 2076 556 Ronv,
2110 501 2414 552 1879-1881,

358 562 580 615 Alicante,
614 561 875 602 KuzmsKY!
910 558 1036 611 1889,
1069 572 1133 612 pr.
1169 559 1375 614 Segorbe,
1409 560 1531 602 PAu!
1566 558 1709 615 1889).

445 619 520 663 Ob
534 632 588 661 se
602 632 674 662 rv.
723 619 978 660 Filamenta
1000 619 1050 660 T.
1075 618 1264 671 capitati
1286 625 1377 660 non
1399 617 1487 660 nisi
1508 617 1557 659 in
1578 618 1736 672 planta
1761 618 1877 660 sicca
1900 619 2127 672 spiraliter
2148 622 2272 662 torta
2295 624 2414 674 sunt,

361 678 407 720 in
438 679 540 720 viva
574 681 703 719 extus
736 681 923 719 curvata
956 689 996 719 V.
1030 676 1268 719 declinata.

450 749 576 791 2451.
611 748 877 791 Teucriam
901 749 1243 803 gnaphalodes
1266 750 1411 793 VAHL.
1446 750 1514 805 (T.
1539 762 1726 792 aureum
1757 758 1797 803 ,8.
1823 749 2128 805 gnaphalodes
2150 750 2262 793 PER.
2287 749 2417 793 LARA

303 809 329 850 l.
366 822 399 851 c.
434 821 473 862 p.
509 807 617 850 292!
677 809 728 850 T.
762 807 938 850 Polium
969 825 1010 863 y.
1044 821 1372 862 purpurascens
1404 809 1509 851 WK.
1551 809 1599 850 in
1632 822 1750 852 num.
1786 808 1922 863 2447,
1966 821 2057 851 non
2088 808 2299 865 ΒΕΝΤΗ.)
2361 810 2416 851 Ι11

298 868 482 922 regione
514 865 644 908 infer.
678 866 901 909 Castellae
933 867 1085 909 Novae
1117 867 1170 923 (c.
1203 866 1343 909 R-ibas
1376 871 1422 910 et
1443 867 1683 923 Aranjuez,
1718 866 1847 912 Cur!
1880 880 1944 921 pr.
1969 867 2178 910 Toletum
2209 869 2267 910 ad
2298 868 2418 910 viam

299 925 503 978 ferream,
527 926 750 968 BILIMEK!
787 923 931 981 1877),
965 926 1197 968 Navarrae
1222 929 1361 969 austr.
1396 926 1448 981 (c.
1475 926 1735 980 Caparroso,
1762 925 1958 981 Orsua),
1990 926 2249 981 Aragoniae
2273 925 2416 982 (prae-

300 984 379 1037 cip.
404 984 628 1039 australis,
653 983 812 1027 Losa!
835 997 874 1026 v.
895 997 929 1027 c.
948 997 1011 1037 pr.
1031 985 1125 1028 Gea
1149 985 1201 1027 de
1223 984 1504 1038 Albarracin,
1528 984 1605 1027 ubi
1627 985 1805 1040 abund„
1830 984 2032 1041 ZAPAT.),
2055 985 2198 1028 Catal.
2217 985 2415 1042 (CosrA),

297 1043 428 1097 regni
460 1041 640 1085 Valent.
675 1042 824 1098 (Cerro
858 1043 911 1085 de
943 1042 1066 1086 Ubar
1097 1057 1162 1097 pr.
1196 1043 1464 1099 Valldigna,
1508 1043 1680 1100 Rour),
1725 1043 1863 1087 Murc.
1905 1044 1987 1100 (pr.
2021 1043 2174 1087 Hellin
2204 1044 2252 1086 in
2283 1043 2416 1086 Oerro

299 1101 372 1143 del
402 1101 528 1154 Pino‚
562 1101 705 1156 Rom,
737 1102 819 1144 int.
853 1102 1070 1145 Balazote
1103 1106 1148 1145 et
1178 1102 1384 1158 Alcaraz,
1417 1103 1464 1144 in
1496 1106 1646 1144 monte
1678 1102 1872 1158 Mugron
1903 1116 1967 1156 pr.
1991 1103 2148 1157 Lorca,
2180 1103 2342 1146 PORTA
2372 1108 2418 1145 et

296 1161 428 1214 Rrec,
462 1158 615 1215 1890),
650 1160 837 1203 Granat.
873 1164 918 1203 et
948 1174 1069 1214 prov.
1104 1161 1255 1204 Gadit.
1289 1161 1370 1218 (pr.
1403 1161 1716 1217 Villaluenga,
1749 1162 1797 1204 in
1827 1160 2011 1204 montib.
2045 1161 2194 1204 Sierra
2226 1161 2297 1204 del
2328 1162 2417 1204 En-

299 1218 450 1261 drinal
482 1223 526 1261 et
559 1220 599 1261 S.
634 1219 704 1261 del
736 1220 940 1272 Pinatar,
975 1220 1086 1263 PER.
1120 1220 1282 1276 LARA).
1345 1221 1492 1263 Adde:

489 1286 530 1331 β.
564 1277 874 1321 lutescens
906 1279 1017 1321 LGE.
1080 1279 1136 1320 In
1169 1278 1379 1321 Serrania
1414 1280 1466 1321 de
1499 1278 1676 1322 Cucnca
1709 1278 1790 1335 (pr.
1824 1278 2141 1333 Valdecabras,
2175 1278 2327 1335 DmK).

1120 1383 1361 1436 Species
1394 1382 1593 1425 dubia:

446 1469 710 1512 Teucrium
743 1482 1016 1524 expassum
1047 1471 1145 1513 PAU
1178 1470 1279 1513 Not.
1314 1471 1403 1513 bot.
1437 1471 1497 1525 II,
1530 1485 1570 1525 p.
1600 1471 1666 1513 14.
1720 1472 1789 1513 Ex
1821 1470 2048 1514 affinitate
2081 1471 2131 1514 Τ.
2155 1470 2285 1524 Polii,
2319 1484 2418 1513 ara-

301 1529 512 1584 gonensis
545 1532 590 1571 et
622 1530 824 1584 capitati,
858 1531 995 1572 ramis
1028 1529 1248 1573 debilibus
1280 1531 1520 1584 prostratis
1551 1543 1592 1572 v.
1626 1529 2014 1585 adscendentibus,
2049 1529 2170 1572 foliis
2201 1529 2418 1585 oblongis,

299 1587 447 1641 planis
478 1587 638 1630 leviter
669 1588 900 1643 revolutis,
934 1589 1033 1631 basi
1055 1592 1249 1631 cuneata
1271 1589 1590 1644 integerrimis,
1625 1594 1823 1632 ceterum
1844 1586 2052 1642 crenatis',
2077 1601 2211 1642 supra
2235 1588 2419 1631 obscure

298 1645 562 1700 virentibus,
596 1646 778 1690 fioribus
811 1648 945 1690 dense
979 1648 1203 1701 capitatis,
1237 1649 1447 1701 capitulis
1468 1648 1754 1702 paniculatis,
1789 1647 2014 1702 calycibus
2035 1648 2419 1700 quinquecostatis

297 1705 481 1748 bractea
513 1705 802 1759 brevioribus,
837 1705 1045 1749 dentibus
1078 1706 1214 1761 calyc.
1249 1706 1608 1762 triangularibus
1632 1708 1846 1750 ovatisve.
1896 1707 2013 1750 Tota
2034 1707 2192 1761 planta
2218 1706 2418 1749 stellato-

299 1764 529 1818 puberula.

440 1823 495 1865 In
528 1824 711 1878 regione
743 1827 881 1866 mont.
914 1825 963 1866 in
996 1824 1198 1867 confiniis
1229 1825 1361 1880 regni
1392 1824 1573 1867 Valent.
1616 1828 1661 1867 et
1692 1825 1950 1880 Aragoniae
1995 1824 2047 1881 (c.
2080 1824 2325 1878 Barracas,
2372 1823 2412 1866 S.

353 1882 565 1937 Agustin,
599 1882 654 1924 El
688 1883 817 1938 TorO,
851 1882 978 1938 PAU).
1013 1908 1068 1913 ——
1100 1883 1156 1937 ὴ.
1190 1883 1281 1927 Jul.
1316 1883 1376 1940 (n.
1409 1884 1482 1939 v.).

943 2023 1105 2078 Fam.
1159 2021 1765 2078 ASPERIFOLIAE.

443 2133 571 2177 2456.
606 2133 817 2177 Echium
847 2133 1175 2189 pomponium
1207 2135 1357 2177 Borss.
1419 2135 1635 2177 Provenit
1672 2148 1841 2187 quoque
1883 2134 1930 2176 in
1972 2147 2111 2189 regno
2144 2134 2282 2177 Mure.
2329 2133 2409 2191 (pr.

293 2193 485 2236 Alcaraz
507 2194 555 2235 in
577 2194 720 2246 pratis
740 2192 921 2248 humid.,
946 2194 1107 2237 PORTA
1129 2198 1175 2236 et
1195 2194 1327 2249 Rrec,
1355 2193 1497 2249 1890).
1539 2195 1594 2236 Ι11
1614 2207 1736 2247 prov.
1761 2192 1912 2236 Gadit.
1937 2192 2018 2249 (pr.
2042 2194 2221 2237 Jimena
2243 2193 2292 2235 in
2314 2194 2408 2235 loco

292 2251 352 2294 El
381 2252 603 2307 Espanal,
636 2253 718 2295 int.
752 2252 910 2294 Alcala
943 2256 988 2295 et
1019 2253 1223 2303 Medina,
1250 2266 1292 2296 c,
1326 2254 1459 2297 Jerez
1491 2253 1549 2295 ad
1580 2252 1818 2307 Garganta
1851 2252 1922 2294 del
1954 2251 2137 2295 Caballo
2170 2256 2216 2295 et
2246 2253 2295 2294 in
2326 2252 2413 2295 De-

289 2309 405 2353 hesa
435 2311 489 2353 de
521 2310 740 2366 Gigonza,
774 2310 851 2354 ubi
883 2310 1098 2365 abundat,
1132 2312 1244 2354 PER.
1278 2311 1438 2366 LARA).

442 2391 570 2435 2457.
603 2391 813 2435 Euhium
833 2391 1127 2435 Fontanesii
1150 2391 1239 2434 DC.
1288 2393 1460 2436 Crescit
1491 2393 1629 2435 etiam
1659 2393 1706 2434 in
1738 2392 1916 2446 pascuis
1949 2392 2084 2446 alpin.
2108 2395 2245 2434 mont.
2269 2391 2413 2446 Sagra

292 2449 464 2504 Sierra,
508 2451 587 2494 alt.
622 2451 916 2496 2000-2200
946 2465 990 2493 m
1020 2452 1200 2508 <PORTA
1232 2456 1278 2495 et
1308 2453 1450 2504 Rrec,
1487 2450 1618 2507 1890)
1655 2456 1790 2504 atque
1821 2451 1869 2493 in
1902 2450 2114 2493 Serrania
2145 2450 2199 2492 de
2231 2450 2410 2493 Cuenca

290 2509 371 2565 (pr.
405 2509 633 2564 Lagunas,
667 2510 782 2553 Casa
814 2510 885 2553 del
918 2511 1047 2564 Cura,
1081 2509 1233 2566 DIEK).

446 2581 574 2625 2458.
607 2583 816 2626 Echium
847 2584 1056 2639 vulgare
1087 2584 1137 2626 L.
1199 2583 1349 2627 Adde:

480 2649 521 2696 β.
554 2641 975 2698 parviflorum,
1020 2643 1185 2685 corolla
1230 2643 1379 2697 calyce
1419 2644 1495 2685 vix
1535 2642 1737 2698 longiore
1781 2641 1850 2698 (E.
1874 2641 2169 2685 Wierzbickii
2198 2643 2408 2685 HABERL.

559 2714 628 2754 ap.
662 2701 803 2744 RcHB.
837 2701 905 2744 Fl.
939 2714 1031 2745 exc.
1064 2715 1104 2755 p.
1138 2701 1280 2757 3361).

439 2760 493 2802 In
524 2773 663 2815 regno
687 2760 929 2802 Valentino
963 2764 1009 2802 et
1035 2761 1234 2816 Aragon.
1260 2765 1399 2804 austr.
1432 2761 1599 2815 passim
1630 2764 1676 2803 et
1707 2771 1809 2801 raro
1843 2761 1923 2816 (pr.
1948 2758 2156 2815 Segorbe,
2188 2759 2237 2801 in
2268 2759 2411 2802 vineis

352 2817 422 2860 del
453 2818 607 2860 Monte
638 2819 771 2873 Malo,
805 2832 839 2861 c.
874 2819 1048 2873 Teruel,
1086 2820 1217 2876 PAU).
1280 2820 1533 2874 Specimina
1563 2832 1654 2861 non
1685 2818 1790 2862 vidi.

481 2901 522 2940 y.
556 2884 741 2938 spicis
753 2898 776 2926 o
791 2898 812 2926 r
827 2899 870 2927 m
885 2898 907 2928 e
931 2886 1043 2929 LGE.
1066 2898 1209 2940 mser„
1241 2884 1575 2929 inflorescentia
1596 2884 1866 2940 thyrsoidea‚
1899 2886 2112 2940 angusta,
2145 2897 2170 2927 e
2191 2884 2409 2927 cincinnis

556 2943 691 2986 dense
723 2945 949 2999 congestis
980 2943 1191 2988 formata.

435 3001 490 3044 In
523 3002 731 3045 Serrania
765 3002 818 3045 de
851 3003 1029 3046 Cuenca
1061 3003 1161 3059 (int.
1193 3003 1395 3046 Beamud
1427 3005 1473 3046 et
1504 3001 1755 3056 Buenache,
1788 3001 1942 3059 DIEK).

439 3080 567 3124 2459.
600 3081 809 3126 Echium
838 3084 1154 3138 pustulatum
1186 3083 1337 3127 SIBTH.
1371 3083 1446 3127 SM.
1510 3083 1727 3126 Provenit
1768 3096 1940 3138 quoque
1982 3083 2029 3126 in
2069 3083 2190 3127 Cast.
2215 3083 2317 3127 Vet.
2351 3081 2404 3139 (c.

292 3139 563 3195 Valladolid,
598 3141 790 3197 ΤΕΧΙΒ.)
853 3142 974 3185 Satis
1006 3142 1291 3198 divulgatum
1321 3143 1370 3185 in
1400 3155 1540 3198 regno
1573 3143 1752 3186 Valent.
1786 3145 1832 3186 et
1856 3143 2053 3186 Grranat.

438 3204 543 3249 Obs
557 3219 668 3249 erv.
714 3207 786 3249 Ad
813 3207 930 3250 hanc
951 3209 1142 3262 speciem
1161 3210 1387 3262 pertinere
1408 3208 1587 3251 videtur
1608 3209 1660 3252 E.
1683 3209 1837 3264 Arge
1851 3211 1988 3252 ntae
2010 3208 2109 3251 PAU
2131 3208 2233 3251 Not.
2255 3206 2346 3250 bot.
2369 3208 2404 3260 Ι,

349 3277 389 3318 p.
423 3263 500 3307 22!
544 3265 760 3321 (dicatum
799 3266 847 3308 in
889 3267 1101 3310 honorem
1141 3268 1350 3310 meritiss.
1389 3268 1637 3322 ARGENTA‚
1683 3268 1925 3310 semanarii
1966 3266 2191 3321 pharmac.
2222 3266 2404 3309 Madrit.

348 3322 600 3378 directoris)
631 3325 747 3377 quod
779 3325 1093 3378 speciminibus
1125 3340 1151 3368 a
1183 3326 1237 3369 cl.
1261 3328 1442 3369 auctore
1473 3339 1646 3369 mecum
1677 3327 2016 3370 communicatis
2045 3338 2145 3368 cum
2172 3325 2229 3368 iis
2250 3325 2302 3368 E.
2326 3336 2405 3379 pu-

349 3381 510 3425 stulati
541 3387 699 3426 exacte
730 3385 1000 3438 comparatis
1033 3397 1087 3427 ex
1107 3398 1206 3427 mea
1229 3385 1457 3428 sententia
1478 3384 1535 3427 ab
1556 3383 1637 3427 hoc
1659 3384 1860 3439 specifice
1882 3397 1972 3427 non
1995 3383 2160 3427 differt.
2208 3383 2272 3427 Cl.
2295 3383 2404 3436 PAU,

348 3440 423 3494 qui
455 3440 798 3494 descriptionem
829 3455 918 3484 non
950 3443 1092 3497 dedit,
1134 3443 1437 3486 characterem
1468 3455 1577 3486 suae
1610 3445 1771 3498 speciei
1801 3443 2094 3498 principalem
2122 3443 2171 3484 in
2192 3440 2405 3484 antheris

347 3498 474 3554 vidit,
508 3512 621 3553 quae
653 3499 873 3556 oblongae
904 3500 1204 3545 fusco-luteae
1236 3503 1329 3544 sint
1359 3501 1467 3558 (non
1499 3503 1727 3556 capitatae
1752 3502 1997 3557 coeruleae,
2029 3505 2083 3544 ut
2103 3501 2152 3543 in
2172 3501 2224 3544 E.
2247 3505 2405 3555 pustu-

346 3555 440 3600 lato
474 3561 520 3600 et
550 3557 601 3601 Ε.
634 3558 846 3617 vulgari).
909 3559 994 3602 Sed
1024 3560 1097 3603 hic
1128 3560 1362 3603 character
1392 3573 1482 3602 non
1515 3563 1584 3603 est
1616 3564 1847 3615 constans,
1885 3560 2002 3614 quod
2030 3559 2177 3602 forma
2207 3562 2254 3602 et
2285 3558 2405 3601 color

346 3615 638 3659 antherarum
679 3617 815 3660 etiam
856 3618 904 3660 in
935 3619 986 3661 E.
1019 3619 1252 3673 pustulato
1290 3619 1452 3662 variat.
1516 3619 1765 3673 Specimina
1796 3621 1848 3663 Ε.
1880 3620 2114 3674 Argentae
2152 3631 2265 3671 quae
2296 3617 2403 3672 vidi,

346 3672 500 3728 thyrso
542 3674 754 3730 elongato
797 3680 990 3732 angusto
1033 3677 1275 3731 cylindrico
1308 3677 1574 3721 'excellentia
1607 3677 1922 3732 speciminibus
1951 3678 2003 3720 Ε.
2035 3675 2259 3732 pustulati
2291 3689 2319 3718 a
2349 3675 2402 3719 cl.

347 3732 498 3776 V01e'1·
527 3733 576 3775 111
608 3733 783 3777 Sierrae
814 3735 1025 3778 Nevadae
1063 3737 1245 3791 regione
1278 3736 1577 3779 submontana
1608 3736 1726 3779 lecta
1757 3736 1887 3779 valde
1918 3735 2082 3779 similia
2113 3737 2233 3779 sunt.
2294 3734 2403 3777 Pro-

349 3791 475 3833 venit
505 3791 558 3834 E.
589 3792 822 3848 Argentae
853 3807 917 3848 pr.
951 3793 1146 3851 Segorbe
1178 3797 1224 3837 et
1256 3795 1440 3838 Sarrion
1470 3794 1536 3852 (in
1566 3796 1705 3851 Arag.
1739 3794 1913 3851 ausim).
