2455 4033
1208 85 1274 129 IV

191 237 470 288 LERESCHE
519 240 574 287 et
620 236 844 298 LEva,
897 233 1135 286 botanici
1185 231 1464 295 helvetici,
1522 231 1894 295 exploratores
1948 230 2297 283 oculatissimi

192 331 486 396 Hispaniae
526 331 756 382 borealis
799 333 853 381 et
893 328 1146 381 centralis
1186 327 1241 379 in
1279 326 1562 378 itineribus
1603 324 1756 376 annis
1798 326 1940 377 1878
1977 327 2033 377 et
2061 326 2201 378 1879
2241 325 2297 378 in

193 426 458 478 consortio
500 425 646 477 beati
685 426 932 476 Boissma
972 422 1254 487 susceptiS,
1296 422 1504 487 HUTER,
1546 421 1730 472 PORTA
1770 422 1826 471 et
1860 419 2016 486 Rrec,
2059 420 2298 473 botanici

192 519 470 584 austriaci,
525 519 612 583 qui
663 535 799 570 anno
852 520 990 570 1879
1043 518 1097 569 111
1147 533 1313 584 regno
1367 514 1682 582 granatensi
1732 514 1957 578 aliisque
1997 514 2296 580 Hispaniae

192 614 446 666 australis
485 614 728 679 partibus
766 613 1038 680 ingentem
1079 612 1376 676 specierum
1417 610 1620 676 copiam
1655 610 1922 676 legerunt,
1965 608 2136 675 Rouv,
2178 609 2295 676 gal-

193 708 339 774 116113,
381 709 429 760 h.
460 713 497 760 t.
540 708 815 761 societatis
854 707 1142 760 botanicae
1170 706 1382 760 Galliae
1421 721 1645 771 praeses
1686 703 2165 771 1116661611331111113,
2207 705 2297 769 qui

189 804 244 855 in
284 804 684 856 excursionibus
723 803 935 855 iteratis
977 802 1131 854 annis
1175 802 1536 855 1879-1883
1564 801 1726 853 factis
1755 800 2113 868 cognitionem
2141 801 2295 866 plan-

190 902 362 950 tarum
416 899 701 964 praecipue
749 898 1142 963 provinciarum
1181 897 1514 962 valentinae,
1568 896 1894 949 alicantinae
1935 900 1992 949 et
2029 897 2296 949 murcicae

190 996 413 1046 maxime
454 995 624 1059 auxit,
666 995 922 1059 LAcAITA,
966 993 1248 1046 botanicus
1289 992 1547 1059 anglicus,
1590 993 1680 1057 qui
1720 1008 1858 1045 anno
1902 994 2043 1046 1883
2084 995 2296 1057 partem

189 1089 342 1155 regni
371 1089 630 1142 valentini
657 1089 1030 1142 australiorem
1057 1088 1316 1153 visitavit,
1347 1089 1696 1154 REVERCHON,
1736 1087 2021 1141 botanicus
2055 1088 2299 1154 gallicus,

189 1184 277 1247 qui
314 1184 436 1236 inde
479 1186 545 1236 ab
587 1201 723 1236 anno
768 1187 907 1238 1888
949 1185 1016 1236 ad
1056 1199 1250 1236 annum
1293 1185 1433 1237 1893
1473 1199 1643 1248 usque
1671 1183 1946 1249 Baeticae,
1989 1183 2146 1250 regni
2173 1199 2298 1249 gra-
2339 1211 2349 1223 ι

190 1279 431 1331 natensis
488 1284 543 1332 et
593 1280 853 1333 valentini
907 1279 1211 1345 provincias
1262 1279 1444 1332 varias
1502 1282 1558 1331 et
1610 1279 1916 1344 nuperrime
1969 1278 2300 1345 Aragoniam

191 1376 478 1427 australem
533 1376 714 1428 sedulo
767 1379 1142 1440 perscrutatus
1195 1378 1301 1441 est,
1354 1376 1539 1427 PORTA
1580 1378 1636 1427 et
1675 1364 1841 1440 11166,Ι
1893 1373 2297 1439 austro—italici,

191 1469 281 1534 qui
317 1470 370 1522 in
408 1470 690 1523 itineribus
731 1471 883 1523 annis
929 1473 1082 1536 1889,
1132 1473 1275 1524 1890
1316 1474 1371 1523 et
1413 1473 1549 1524 1891
1595 1470 1864 1536 susceptis
1905 1485 2133 1537 regnum
2173 1486 2299 1536 gra-

190 1568 430 1630 natense,
471 1566 754 1618 murcicum
796 1571 851 1618 et
887 1565 1213 1619 valentinum
1242 1566 1468 1618 maximo
1499 1582 1615 1618 cum
1643 1581 1898 1619 successu
1925 1566 2299 1631 perlustrave-

190 1664 331 1726 runt,
373 1661 598 1725 denique
625 1662 777 1727 Dinx,
819 1661 1098 1714 botanicus
1140 1662 1492 1727 germanicus,
1536 1661 1626 1726 qui
1663 1661 1718 1714 in
1746 1661 1953 1720 ⁴itinere
1988 1677 2126 1714 anno
2158 1642 2299 1715 1892

191 1771 288 1820 per
314 1756 630 1821 Hispaniam
668 1757 813 1809 facto
841 1757 1133 1822 praecipue
1161 1761 1395 1810 tractum
1422 1757 1679 1810 montium
1708 1757 1965 1810 Serrania
1993 1758 2059 1809 de
2089 1757 2303 1809 Cuenca

192 1850 412 1917 dictum,
470 1854 617 1920 cujus
669 1852 944 1919 vegetatio
998 1853 1270 1917 hucusque
1320 1869 1508 1918 parum
1561 1852 1779 1919 cognita
1826 1852 1953 1919 fuit,
2010 1852 2300 1919 diligenter

193 1946 509 2011 exploravit.
599 1948 699 2001 His
750 1948 1034 2001 itineribus
1089 1948 1459 2001 botanicorum
1514 1951 1819 2001 exterorum
1874 1947 2085 2015 pariter
2137 1950 2301 2013 atque

194 2042 649 2106 explorationibus
688 2043 972 2096 indefessis
1013 2044 1381 2097 botanicorum
1414 2044 1784 2111 indigenorum
1812 2047 1971 2097 tanta
1998 2043 2303 2109 specierum
2368 2106 2375 2119 ,-

190 2137 619 2203 varietatumque
667 2155 761 2204 pro
812 2138 947 2191 flora
985 2139 1285 2205 Hispaniae
1325 2145 1420 2192 aut
1459 2155 1682 2205 prorsus
1721 2155 1984 2193 novarum
2025 2139 2182 2205 copia
2219 2138 2301 2191 in-
2377 2126 2380 2131 ⁸

191 2233 388 2299 notuit,
439 2237 500 2286 ut
537 2235 862 2287 Prodromus
914 2234 1081 2287 florae
1132 2235 1444 2300 hispanicae
1496 2235 1565 2287 ad
1612 2234 2048 2288 determinandas
2087 2235 2304 2300 plantas

191 2328 502 2392 peninsulae
540 2329 773 2383 ibericae
808 2332 920 2398 jam
957 2346 1063 2382 non
1095 2331 1321 2396 amplius
1349 2331 1599 2384 sufficiat.
1659 2330 1887 2382 Accedit
1915 2331 2057 2394 quod
2084 2330 2306 2396 plantae

192 2424 455 2477 novae-in
481 2425 746 2490 Hispania
783 2426 1076 2478 recentiori
1117 2430 1359 2492 tempore
1398 2427 1487 2480 vel
1522 2426 1828 2492 nuperrime
1857 2426 2110 2478 detectae
2136 2426 2305 2480 variis

189 2518 244 2570 in
297 2520 544 2584 operibus
597 2525 652 2572 et
700 2521 896 2574 libellis
949 2525 1110 2586 atque
1163 2522 1218 2574 in
1269 2521 1741 2575 dissertationibus
1794 2537 1893 2587 per
1931 2521 2304 2574 litteraturam

192 2614 492 2666 botanicam
530 2616 854 2680 periodicam
881 2617 1196 2682 Hispaniae,
1238 2617 1569 2680 Lusitaniae,
1613 2617 1861 2684 Angliae,
1904 2616 2133 2683 Galliae,
2164 2616 2303 2670 Ger-

191 2708 413 2774 maniae,
455 2710 725 2776 Austriae,
755 2711 963 2764 Daniae
992 2716 1093 2765 etc.
1127 2713 1432 2766 distributis
1460 2711 1769 2778 descriptae
1795 2711 2030 2778 fuerunt.
2098 2711 2302 2780 Quibus
2367 2782 2371 2785 Ι

193 2803 258 2854 (16
299 2804 472 2856 6611313
512 2806 867 2870 supplementi
906 2807 1186 2860 Prodromi
1227 2808 1540 2861 elaborandi
1592 2807 1710 2873 cepi
1750 2807 2053 2874 consilium,
2105 2807 2161 2860 111
2201 2823 2303 2872 quo

191 2897 415 2964 31166163,
458 2900 780 2967 subspecieS,
823 2902 1121 2956 varietates
1163 2908 1219 2955 et
1256 2904 1461 2956 formae
1502 2919 1683 2956 omnes
1721 2903 1845 2955 inde
1887 2904 1954 2955 ab
1991 2905 2300 2957 6111161861

187 2991 245 3052 in
270 2992 535 3058 Hispania
562 2995 809 3048 detectae
835 3012 1007 3061 neque
1033 2997 1087 3049 in
1109 2992 1402 3051 Prodromo
1430 2998 1735 3052 recensitae
1762 3013 1986 3063 quorum
2012 2979 2306 3064 specimina

197 3090 291 3138 aut
328 3087 717 3153 descriptiones
758 3107 1071 3157 comparare
1111 3094 1392 3160 potuerim,
1432 3111 1533 3148 nec
1558 3111 1664 3148 non
1690 3096 1810 3149 loca
1836 3112 1978 3150 nova
2006 3096 2306 3162 specierum

190 3181 300 3247 jam
351 3183 738 3236 recensitarum
788 3186 1012 3253 adjectis
1065 3188 1414 3255 diagnosibus
1465 3191 1773 3256 plantarum
1812 3207 2074 3246 novarum
2115 3195 2171 3244 et
2210 3192 2304 3244 ob-

199 3276 591 3330 servationibus
641 3279 841 3332 criticis
890 3282 954 3333 de
995 3282 1276 3347 speciebus
1315 3284 1539 3338 incertis
1580 3287 1668 3340 vel
1705 3286 2010 3340 incorrecte
2050 3286 2304 3340 determi-

198 3369 340 3422 natis
392 3377 781 3426 enumerentur.
861 3376 1296 3441 Supplementum
1342 3381 1453 3447 jam
1502 3382 1571 3433 ad
1609 3382 1766 3434 finem
1805 3384 2125 3448 perductum
2164 3383 2305 3448 quod

197 3478 336 3516 nunc
372 3465 637 3520 botanicis
675 3467 729 3519 in
767 3485 952 3522 manus
994 3473 1166 3538 trad0,
1210 3473 1418 3538 species
1450 3477 1554 3529 491
1587 3475 1832 3544 (quarum
1861 3479 1966 3531 233
1995 3476 2302 3547 indigenae)

200 3561 257 3609 et
305 3559 604 3613 varietates
657 3578 697 3614 s.
747 3562 945 3616 formas
998 3567 1104 3619 493
1158 3583 1255 3631 pro
1295 3569 1460 3621 Flora
1506 3570 1786 3636 hispanica
1831 3588 2002 3639 novas
2044 3571 2301 3638 continet,

197 3651 277 3704 ita
314 3657 375 3705 ut
412 3655 511 3707 hoc
549 3659 812 3722 tempore,
860 3659 1141 3723 speciebus
1182 3662 1572 3727 supprimendis
1614 3666 1886 3733 deductis,
1927 3666 2136 3733 species
2177 3665 2302 3719 circ.
2360 3650 2368 3654 ⁴
