2455 4033
1083 41 1158 97 17

203 198 437 241 Observ.
487 197 549 240 (Ἴ.
584 197 776 240 HACKEL
811 196 1022 252 (Oesterr.
1057 197 1149 239 bot.
1183 196 1400 239 Zeitschr.
1435 196 1564 250 1877,
1599 209 1669 238 no.
1705 195 1770 251 41)
1806 196 1863 238 ad
1896 209 2039 251 genus
2060 197 2189 239 Moli-

113 258 239 300 neria
261 269 433 311 quoque
465 257 663 299 Airam
695 256 1067 311 lendigeram
1100 256 1213 299 LAG.
1249 256 1336 313 (no.
1361 255 1466 312 284)
1489 255 1740 298 ducendam
1762 259 1808 298 et
1828 254 2023 298 fortasse
2045 257 2191 299 varie-

113 321 257 360 tatem
286 317 345 359 M.
378 316 581 358 minutae
614 315 856 357 aristatam
888 328 983 357 esse
1016 320 1181 358 censet.
1230 315 1300 357 Ab
1331 316 1455 358 Airis
1487 315 1653 371 glumis
1696 314 1867 368 spicula
1909 314 2051 357 multo
2093 314 2192 357 bre—

112 375 312 418 vioribus
344 375 562 418 distincta
594 382 675 417 est.
739 375 793 417 In
815 374 912 417 Cat.
942 374 1047 416 rais.
1072 373 1223 417 Gram.
1247 374 1372 417 Port.
1407 387 1506 417 eam
1538 374 1621 417 sub
1643 386 1759 416 nom.
1793 373 1977 416 Molin.
2011 373 2192 417 laevis

113 439 360 487 enumerat,
394 433 512 487 quod
542 433 683 476 Aira
716 433 1034 488 lendigera
1067 432 1180 475 LAG.
1217 446 1495 487 synonymon
1528 436 1598 476 est
1628 433 1795 475 Airae
1834 433 2013 476 laevis
2045 433 2190 476 BROT.

113 494 188 547 qui
219 493 336 535 hanc
369 493 560 548 speciem
588 492 681 547 Jam
715 491 829 535 1804
861 491 1124 546 publicavit.
1185 491 1393 534 Formam
1425 493 1560 548 longe
1592 492 1835 535 aristatam
1865 491 1999 547 hujus
2031 492 2195 546 speciei

111 553 197 608 leg.
222 552 395 596 Bonae.
421 551 537 594 1863
568 564 640 605 pr.
658 551 883 594 Talavera
906 551 960 593 de
983 550 1027 593 la
1050 550 1197 593 Reina
1229 551 1405 607 (exsicc.
1430 565 1500 594 n0.
1526 550 1694 607 2572!),
1732 550 1924 594 formam
1948 551 2194 606 genuinam

112 625 176 666 pr.
211 611 252 654 8.
275 612 420 654 Isidi-o
445 611 499 653 de
522 610 646 653 Leon
679 614 725 652 et
746 611 795 652 in
818 611 968 653 Sierra
991 609 1044 652 de
1067 609 1321 665 Majareina
1345 624 1408 664 pr.
1433 610 1728 666 Placentiam,
1753 610 1938 653 Wmm..
1962 623 2026 664 pr.
2050 610 2195 653 Villa-

112 670 272 713 franca
305 670 376 712 del
408 670 571 713 Vierzo
606 669 770 726 (1876).

53 803 90 846 L
170 744 298 860 )275.
333 744 718 799 Corynephorus
752 743 1056 787 articulatus
1089 744 1138 787 P.
1173 743 1224 786 B.
1290 744 1508 787 Provenit
1550 757 1722 798 quoque
1765 745 1813 787 in
1855 745 2011 788 Astur.
2045 745 2193 802 (Lim,

92 817 164 846 Ev.
192 839 198 847 .

202 876 299 920 276.
334 876 725 932 Corynephorus
770 876 1100 920 fasciculatus
1150 877 1302 920 B01ss.
1351 876 1496 921 REUT.
1572 878 1726 920 Etiam
1772 878 1820 920 in
1863 891 1986 932 prov.
2031 878 2194 922 Malac.

53 937 222 994 (Sierra
254 937 307 980 de
340 937 568 992 Cartama,
602 937 840 979 REVERcH.
878 935 1010 992 1888)
1044 942 1091 979 et
1121 949 1262 992 regno
1296 936 1397 979 Val.
1433 936 1514 992 (pr.
1551 937 1759 992 Segorbe,
1794 937 1945 994 PAUl).

202 1010 299 1053 277.
335 1009 720 1065 Corynephorus
753 1009 1141 1053 macrantherus
1162 1009 1315 1053 B01ss.
1350 1010 1494 1053 REUT.
1544 1010 1774 1064 Frequens
1805 1012 1852 1053 in
1886 1011 2088 1055 arenosis
2121 1011 2196 1055 sil-

51 1071 216 1113 vaticis
247 1071 449 1126 regionis
481 1069 683 1112 inferior.
717 1082 840 1124 prov.
874 1069 1133 1113 Gaditanae
1166 1070 1297 1126 (PER.
1333 1068 1495 1125 LARA).

200 1143 299 1188 279.
333 1143 455 1188 Aira
485 1142 818 1187 multiculmis
850 1143 971 1187 DUM.
1036 1144 1256 1186 Provenit
1288 1145 1427 1187 etiam
1458 1145 1505 1186 in
1539 1144 1742 1188 Gallecia
1776 1144 2030 1201 (SEOANEl).

202 1218 300 1262 280.
335 1218 456 1262 Aira
487 1217 782 1273 Cupaniana
814 1218 950 1262 Guss.
1004 1218 1224 1261 Provenit
1255 1232 1428 1272 quoque
1459 1218 1508 1260 in
1530 1218 1674 1261 Catal.
1711 1218 1763 1274 (o.
1790 1219 2047 1274 Guillerias,
2069 1220 2198 1262 Mon-

57 1279 153 1333 5011,
189 1279 282 1322 Sta.
317 1279 392 1331 Fe,
426 1279 474 1320 in
508 1278 679 1321 ditione
712 1278 990 1332 Ampurdan,
1025 1291 1081 1320 en
1113 1277 1245 1321 Gaba
1277 1284 1323 1320 et
1355 1277 1464 1320 alibi
1496 1278 1544 1320 in
1576 1291 1693 1320 zona
1725 1278 1911 1334 litorali,
1945 1278 2125 1336 VAYR.)

203 1351 303 1395 281.
337 1351 459 1395 Aira
501 1351 859 1406 caryophyllea
891 1351 940 1394 L.
989 1360 1030 1405 β.
1065 1351 1411 1394 divaricata
1444 1351 1669 1409 (Pomm.)
1704 1351 1829 1395 Haec
1860 1351 2006 1395 forma
2037 1352 2199 1396 habitu

54 1426 81 1454 a
113 1417 220 1466 typo
244 1411 376 1454 valde
399 1411 614 1453 recedens
634 1411 887 1454 recentiore
910 1414 1109 1466 tempore
1144 1411 1264 1454 lecta
1296 1416 1367 1455 est
1397 1412 1445 1454 in
1467 1411 1614 1454 Lusit.
1640 1411 1720 1467 (pr.
1744 1411 1915 1466 Cintra,
1939 1411 2197 1456 WINKLER!

55 1470 202 1527 1876),
225 1472 381 1514 Astur.
405 1471 471 1528 (in
493 1470 612 1513 valle
635 1469 818 1526 Gangas
835 1471 890 1513 de
908 1471 1065 1526 Tineo,
1088 1470 1264 1515 Bonae.
1279 1470 1321 1527 1),
1346 1471 1467 1514 Cast.
1492 1471 1569 1527 (ad
1585 1471 1941 1527 Hoyoqueseros,
1965 1471 2198 1528 Romal),

52 1532 254 1587 Aragon.
289 1530 479 1573 austral.
514 1529 684 1586 (Sierra
717 1530 771 1572 de
803 1529 1088 1585 Albarracin,
1122 1529 1273 1586 PAul).

62 1664 108 1707 (P
202 1603 300 1706 2182.
335 1603 457 1720 Aira
489 1604 694 1660 elegans
726 1604 870 1649 GAUD.
925 1604 1036 1647 Cum
1069 1618 1162 1647 var.
1197 1604 1539 1648 biaristata
1570 1604 1713 1658 frequ.
1743 1604 1792 1647 in
1823 1605 2020 1658 provinc.
2046 1605 2198 1649 Gadit.
2243 1594 2257 1610 '⁸

54 1671 69 1720 (
112 1677 187 1709 ER.
261 1677 385 1707 ARA.
681 1685 692 1695 ·

54 1798 91 1840 P
204 1737 303 1855 2533.
337 1737 458 1781 Aira
496 1737 706 1782 Tenorei
745 1738 881 1782 Guss.
946 1738 1164 1781 Provenit
1211 1751 1383 1793 quoque
1430 1738 1479 1780 in
1526 1738 1762 1793 Aragonia
1811 1739 2003 1781 australi
2047 1737 2199 1796 (Losc.

94 1811 247 1842 Anno.

206 1871 305 1916 284.
339 1871 460 1916 Aira
491 1871 754 1928 lendiqera
794 1871 904 1915 LAG.
969 1873 1123 1915 Etiam
1166 1873 1214 1915 in
1259 1873 1471 1916 Serrania
1514 1872 1567 1915 de
1615 1872 1796 1915 Cuenca
1842 1872 1923 1929 (pr.
1969 1873 2200 1928 Campillo,

57 1932 324 1987 Casapolau,
357 1933 495 1985 DIEK,
530 1930 676 1987 1892).

209 2005 308 2049 285.
341 2005 704 2061 Deschampsia
747 2005 1035 2061 caespitosa
1078 2006 1128 2049 P.
1163 2007 1213 2049 B.
1257 2006 1407 2049 Adde:
1455 2014 1496 2061 β.
1531 2006 1772 2061 pallida
1815 2006 1962 2051 Goon.
2008 2007 2083 2050 Gr.
2145 2008 2202 2051 In

58 2066 220 2121 Pyren.
255 2066 400 2109 Catal.
436 2065 517 2121 (pr.
551 2065 766 2120 Hospita]
799 2066 852 2108 de
885 2066 1147 2121 Benasque,
1181 2066 1343 2120 Cornu,
1386 2079 1451 2120 pr.
1486 2066 1660 2121 Fiscal,
1702 2065 1863 2122 Num).
1908 2083 1950 2123 y.
1996 2066 2201 2120 alpina

59 2126 206 2170 GODR.
240 2125 326 2169 GR.
371 2125 583 2179 Hospital
626 2125 680 2167 de
712 2126 949 2178 Benasque
991 2125 1191 2182 (Come),
1234 2127 1363 2168 van?
1397 2124 1474 2181 (an
1506 2139 1549 2168 n.
1585 2125 1701 2182 sp.‘?)
1744 2124 2035 2179 filifolia,
2079 2125 2202 2169 foliis

58 2184 335 2240 longissimis
367 2184 634 2227 convolutis,
698 2185 752 2227 In
786 2185 954 2228 Gallec.
990 2183 1245 2241 (8ΕοΑΝΕ1).

207 2258 444 2303 Observ.
495 2257 748 2312 Specimina
787 2272 962 2302 mecum
994 2259 1327 2301 communicata
1360 2259 1540 2301 omnino
1575 2258 1797 2302 deflorata
1828 2263 1984 2313 erant,
2018 2258 2204 2302 floribus

119 2318 325 2373 delapsis.
389 2318 592 2361 Ulterius
626 2317 927 2361 observanda!

207 2392 307 2436 286.
340 2391 704 2448 Deschampsia
734 2392 902 2436 media
933 2392 987 2436 R.
1022 2398 1068 2436 et
1101 2393 1202 2437 Son.
1266 2393 1485 2436 Provenit
1527 2405 1700 2446 quoque
1743 2392 1791 2434 in
1823 2393 2023 2449 Aragon.
2067 2392 2201 2437 infer.

59 2453 249 2509 (Losc.!,
281 2453 330 2494 in
364 2452 513 2495 Sierra
546 2452 600 2495 de
634 2452 897 2507 Camarena,
933 2451 1070 2509 PAu),
1111 2452 1256 2496 Catal.
1291 2452 1373 2509 (pr.
1408 2452 1571 2506 Fiscal,
1604 2450 1756 2509 Nom)
1800 2455 1847 2494 et
1886 2465 2027 2508 regno
2059 2453 2200 2496 Murc.

61 2512 230 2569 (Sierra
261 2511 315 2554 de
347 2511 556 2566 Alcaraz,
588 2512 637 2554 in
668 2525 788 2566 pasc.
823 2512 903 2555 alt.
939 2511 1235 2555 1300—1500
1257 2525 1314 2567 m,
1347 2512 1511 2556 PORTA
1543 2515 1590 2554 et
1621 2511 1755 2566 Rleo,
1789 2509 1937 2568 1890).

210 2584 309 2629 287.
341 2585 707 2641 Deschampsia
737 2585 959 2630 refracta
997 2587 1050 2630 R.
1086 2586 1187 2630 8011.
1251 2586 1471 2629 Provenit
1510 2598 1682 2639 quoque
1724 2586 1772 2628 in
1815 2584 2016 2641 Aragon.
2059 2590 2202 2630 austr.

62 2644 296 2702 (Ramblas
328 2645 400 2688 del
432 2645 696 2700 Guadalope
738 2659 856 2700 raro,
889 2647 1045 2690 Losc.!
1091 2646 1242 2690 Sierra
1285 2645 1339 2688 de
1371 2645 1665 2698 Albarracin,
1711 2645 1752 2688 S.
1798 2645 1852 2688 de
1896 2646 1926 2689 J
1930 2645 2202 2702 avalambre,

60 2704 199 2761 PAul)
231 2710 279 2748 et
309 2718 450 2761 regno
483 2704 667 2748 Valent.
703 2704 783 2761 (pr.
818 2705 1070 2749 Camarena
1099 2705 1233 2762 juxta
1264 2705 1442 2758 balnea,
1476 2705 1587 2759 PAu,
1622 2703 1769 2762 1887).

212 2778 311 2823 288.
344 2779 708 2835 Deschampsia
728 2779 957 2824 flexuosa
979 2780 1108 2824 Gms,
1156 2780 1284 2824 Adde
1316 2792 1410 2823 var.
1439 2779 1494 2823 D.
1529 2778 1859 2835 orophilam
1886 2780 2032 2824 HAciz.
2058 2779 2123 2837 (in
2143 2780 2202 2834 pl.

62 2851 153 2883 exs.
186 2838 427 2883 Rmmncn.
461 2837 577 2881 1887
609 2852 680 2883 no.
714 2839 791 2882 47!
826 2840 922 2882 sine
955 2839 1127 2897 (10501.)

210 2899 266 2942 In
296 2911 419 2953 prov.
454 2898 607 2942 Gadit.
642 2899 811 2956 (Sierra
844 2899 898 2942 de
930 2899 1103 2954 Palma,
1136 2897 1434 2954 remmom).

214 2971 373 3016 288bis,
406 2973 769 3029 Deschampsia
785 2973 972 3018 stricta
987 2974 1133 3018 HAGK.
1153 2973 1298 3017 Catal.
1317 2973 1423 3018 rais.
1442 2973 1593 3017 Gram.
1613 2972 1737 3016 Port.
1756 2985 1797 3027 p.
1818 2971 1895 3015 18!
1915 2972 1987 3029 (D.
2005 2972 2208 3016 flexuosa

62 3041 104 3087 β.
149 3033 312 3076 stricta
358 3033 459 3076 GAY
505 3034 554 3075 in
599 3033 658 3087 pl.
692 3033 809 3077 Dua.
843 3033 1022 3088 Astur.;
1063 3034 1176 3076 Aira
1222 3035 1442 3075 montana
1485 3031 1630 3075 BRo'r.
1679 3045 1770 3075 non
1817 3031 1900 3089 L.).
1964 3031 2133 3075 Differt
2179 3045 2207 3075 a

64 3093 119 3135 D.
162 3092 364 3135 flexuosa
404 3091 528 3136 foliis
572 3092 698 3136 duris
744 3092 972 3147 laevibus,
1020 3093 1224 3136 tenuiter
1270 3092 1567 3145 acuminatis,
1615 3091 1948 3147 pungentibus3
1994 3092 2208 3146 panicula

64 3150 332 3207 longissima
377 3150 534 3207 (usque
575 3151 633 3194 20
664 3165 733 3194 em
764 3152 813 3209 l.)
857 3152 1135 3207 lanceolata,
1181 3151 1364 3207 stricta,
1407 3151 1546 3194 ramis
1577 3149 1859 3194 brevioribus
1901 3150 2008 3194 inde
2051 3164 2078 3194 a
2108 3151 2208 3194 basi

66 3209 358 3265 spiculiferis;
391 3211 576 3265 spiculis
596 3211 843 3267 maioribus
876 3211 921 3268 (9
943 3225 1033 3254 mm
1064 3211 1112 3268 1.)
1144 3210 1559 3265 subterminalibus,
1593 3209 1855 3254 brevissime
1876 3210 2206 3265 pedunculatis.

212 3271 268 3314 In
300 3270 455 3313 Astur.
489 3270 692 3327 (Dimum
723 3283 780 3314 ex
809 3270 941 3328 GAY).
976 3295 1033 3301 —
1067 3271 1126 3328 (n.
1145 3270 1220 3327 v.).

213 3329 330 3374 Hah.
362 3330 411 3372 in
443 3330 590 3373 Lusit.
622 3330 772 3373 media
803 3335 851 3374 et
881 3330 1065 3374 boreali.

216 3402 316 3446 295.
350 3403 522 3447 Avena
553 3403 745 3447 sterilis
777 3403 828 3447 L.
863 3429 918 3436 —
952 3403 1058 3448 WK.
1093 3403 1288 3447 Oesterr.
1322 3403 1415 3446 bot.
1449 3402 1667 3446 Zeitschr.
1703 3400 1832 3456 1890,
1866 3415 1937 3445 no,
1971 3402 2011 3445 4.
2061 3401 2208 3456 Stirps

65 3462 302 3517 hispanica
333 3464 486 3506 variat
529 3463 713 3517 spiculis
754 3463 1002 3520 maj01ibus
1040 3466 1087 3506 et
1117 3462 1391 3516 minoribus,
1435 3462 1602 3518 glumis
1633 3461 1995 3517 7-11-nerviis,
2038 3461 2207 3504 aristae

67 3526 198 3576 parte
219 3521 436 3566 inferiore
457 3522 620 3566 villosa
643 3535 684 3566 v.
709 3522 1029 3577 scabriuscula,
1062 3523 1246 3579 vaginis
1277 3521 1491 3565 foliorum
1512 3520 1686 3577 glabris
1715 3534 1757 3564 v.
1780 3524 2028 3564 retrorsum
2058 3519 2205 3574 hirtis,

70 3581 175 3636 pilis
212 3581 446 3636 palearum
489 3581 605 3625 albis
646 3585 729 3625 aut
765 3580 928 3638 fulvis,
973 3583 1128 3626 aristis
1167 3580 1422 3625 virentibus
1465 3585 1548 3624 aut
1579 3581 1725 3637 (parte
1769 3580 1931 3624 saltem
1971 3578 2206 3634 inferiore)

69 3640 228 3697 nigris.
291 3641 656 3697 Distinguendae
694 3641 841 3697 igitur
871 3642 1122 3685 varietates
1161 3654 1194 3685 s.
1228 3639 1400 3683 formae
1433 3640 1573 3694 duae,
1613 3653 1726 3694 quas
1764 3639 1858 3696 jam
1888 3639 2121 3693 proposuit
2153 3638 2205 3681 01.

68 3699 384 3744 Pnnnz-LARA
417 3700 462 3757 (l.
496 3714 531 3744 c.
565 3714 606 3755 p.
641 3699 697 3742 54
708 3699 757 3757 !):

159 3774 207 3806 W
217 3774 253 3805 il
261 3774 276 3805 1
284 3774 311 3805 k
321 3784 342 3806 o
353 3784 388 3805 m
398 3784 435 3806 m
445 3800 454 3817 ,
486 3774 604 3807 Flora
626 3774 839 3813 hispanica.
876 3774 1200 3813 supplementum.
1851 3771 1878 3813 2
