2455 4033
1129 129 1250 184 249

124 289 285 333 Malao.
320 286 555 401 {Clnrngerra
590 286 644 329 de
665 285 812 342 Mijas,
845 285 977 339 Ricv„
1013 282 1128 327 1888
1159 288 1206 327 et
1228 283 1378 326 Sierra
1401 283 1454 326 de
1477 282 1650 335 Ronda,
1684 294 1803 335 rara,
1836 281 2090 335 Rssvssacn„
2126 280 2255 326 1889.

125 361 215 393 exs.
249 361 291 390 n.
427 381 434 389 .
460 380 468 387 .

270 420 400 465 3832.
433 418 624 464 Ononis
656 418 969 462 leucotricha
1001 418 1129 461 Coss.
1179 417 1306 460 Adde
1340 417 1459 459 loca:
1495 415 1645 459 Sierra
1677 414 1731 457 de
1764 414 1806 457 8.
1830 412 2055 457 Cristobal
2088 413 2146 455 ad
2167 413 2258 456 Las

122 482 343 525 Canteras
375 479 506 536 (PER.
540 477 702 534 LARA).

315 547 356 592 β.
390 538 504 581 PER.
540 537 672 580 LARA
704 537 731 580 l.
766 550 801 580 0.
835 550 875 591 p.
910 536 1020 579 475!
1065 538 1247 579 statura
1278 534 1451 577 minore
1485 531 1659 576 10—-15
1693 546 1762 575 cm
1792 532 1846 588 1.,
1891 530 2014 574 foliis
2055 529 2257 574 inferior.

392 609 524 651 saepe
555 595 863 651 trifoliolatis‚
896 594 1082 638 floribus
1113 594 1248 648 paulo
1280 592 1553 646 minoribus,
1594 591 1762 647 calycis
1793 589 1972 634 laciniis
2005 589 2257 643 latioribus,

391 655 540 699 minus
571 655 772 699 hirsutis.

271 716 326 758 In
358 728 482 771 prov.
515 714 669 759 Gadit.
714 714 796 769 (pr.
830 713 966 769 Vejer
997 713 1044 755 in
1077 712 1255 756 Dehesa
1276 711 1443 759 Monte
1476 711 1549 753 del
1581 709 1752 764 Medio,
1798 710 1913 753 PER.
1947 709 2080 752 LARA
2111 706 2259 764 1881).

271 789 401 833 3833.
436 788 624 833 Ononis
656 787 857 832 Picardi
899 788 1051 831 B01ss.
1084 787 1231 829 Ram.
1276 810 1330 815 —-
1374 785 1489 828 PER.
1524 784 1654 827 LARA
1696 784 1723 827 1.
1759 784 1819 827 c!
1872 783 1987 827 DEB.
2033 787 2079 825 et
2111 782 2260 826 DAUTL

123 850 191 894 Fl.
225 849 348 894 Gibr.
392 862 433 903 p.
468 848 547 891 59!
611 848 740 891 Adde
781 847 880 890 loca
925 859 948 890 e
991 859 1114 901 prov.
1148 845 1326 889 Gadit:
1369 844 1417 886 in
1451 842 1601 887 Sierra
1633 843 1890 886 Carbonera
1932 856 1997 897 pr.
2032 842 2073 885 S.
2106 842 2261 896 Roque

124 909 332 966 (DAUT.),
379 908 529 951 Sierra
561 907 614 950 de
647 907 807 949 Palma
840 906 1097 963 (REvEch.
1131 903 1289 959 1887),
1333 903 1475 945 Pinar
1507 903 1561 945 de
1593 901 1868 945 Villanueva
1900 915 1964 955 pr.
1998 901 2099 944 Pto.
2133 900 2260 956 Real,

123 970 171 1012 in
202 968 356 1023 pineto
389 981 454 1022 pr.
480 966 713 1021 Chipiona,
748 966 805 1008 ad
837 965 976 1008 radic.
1011 963 1163 1008 Sierra
1195 963 1249 1006 de
1275 963 1368 1005 Dos
1390 963 1643 1005 Hermanos
1675 975 1738 1016 pr.
1773 962 1906 1005 Jerez
1939 960 2071 1016 (PER.
2095 960 2261 1015 Lim).

124 1026 333 1072 Occurrit
365 1028 504 1070 etiam
536 1024 843 1069 Gibraltariae
876 1022 1306 1081 (Neutral-Ground,
1341 1020 1520 1076 DAUT.)

273 1093 505 1137 Observ.
556 1092 647 1135 Sec.
673 1092 725 1135 cl.
745 1092 843 1136 PAU
875 1091 994 1148 (Not.
1018 1089 1110 1133 bot.
1132 1088 1212 1145 IV,
1245 1102 1285 1143 p.
1306 1088 1402 1144 261)
1436 1087 1485 1131 O.
1510 1088 1756 1130 Picardi
1788 1093 1857 1130 est
1878 1086 2024 1129 forma
2046 1086 2263 1130 australis

184 1154 233 1198 Ο.
258 1156 636 1209 aggregatae
658 1152 794 1206 Asso,
829 1163 919 1193 non
951 1150 1040 1193 nisi
1070 1148 1252 1202 stipulis
1286 1148 1433 1190 ova-tis
1466 1147 1522 1189 ab
1554 1147 1638 1190 hac
1671 1146 1902 1201 distincta,
1935 1159 2068 1199 quam
2089 1146 2138 1188 in
2159 1145 2262 1188 Not.

181 1211 272 1256 bot.
305 1213 350 1266 Ι,
394 1226 434 1266 p.
469 1212 524 1254 17
557 1211 718 1267 lingua
750 1209 995 1253 vernacula
1028 1212 1240 1251 accurate
1274 1207 1524 1262 descripsit.
1590 1205 1888 1261 Quamobrem
1929 1218 2114 1248 numero
2147 1203 2265 1247 3833

182 1284 344 1315 nomen
377 1270 427 1314 O.
461 1274 803 1327 aggregata
825 1269 947 1313 Asso
981 1267 1299 1322 imponendum
1332 1271 1378 1310 et
1409 1266 1569 1321 planta
1602 1266 1818 1309 australis
1849 1274 1891 1320 fit.
1915 1264 2156 1308 Picardi
2187 1277 2264 1318 ap·

213 1330 397 1375 ellanda
429 1333 511 1374 est.

182 1345 210 1386 p
271 1390 388 1433 Hab.
438 1389 487 1433 Ο.
511 1391 770 1445 aggregata
803 1387 955 1442 typica
986 1387 1034 1428 in
1057 1386 1294 1442 Aragonia
1325 1390 1466 1428 austr.
1500 1385 1582 1441 (pr.
1606 1384 1876 1427 Albarracin
1910 1383 1968 1426 ad
1990 1384 2056 1426 La
2079 1382 2264 1434 Losilla.

185 1451 387 1504 ZAPAT.).

273 1522 403 1567 3835.
438 1522 628 1567 Ononis
662 1519 997 1577 ellipticifolia
1029 1519 1134 1561 WK.
1199 1520 1363 1561 Forma
1401 1518 1546 1560 minor
1587 1517 1853 1572 parvifolia:
1898 1530 1962 1571 pr.
1997 1515 2266 1560 Grazalema

123 1585 172 1626 in
205 1584 344 1626 aridis
377 1583 657 1640 (REvEmffl
695 1580 839 1637 1890).

273 1656 404 1701 3837.
438 1655 627 1701 Ononis
659 1654 975 1700 Cossoniana
1017 1654 1168 1696 B01ss.
1202 1653 1348 1696 Ram.
1384 1677 1439 1682 —
1472 1652 1585 1695 PER.
1621 1651 1753 1694 LARA
1794 1651 1821 1695 1.
1857 1664 1892 1694 0.
1936 1664 1977 1705 Ρ.
2011 1649 2121 1692 4761
2185 1649 2266 1692 Oc-

125 1719 270 1762 currit
300 1716 439 1760 etiam
460 1729 525 1772 pr.
550 1716 786 1773 Algeciras
819 1713 1049 1771 (VVINKLA
1083 1711 1217 1769 1876)
1250 1716 1297 1755 et
1319 1711 1628 1755 Gibraltariae
1660 1711 1904 1767 (Bmmmzt
1928 1708 2075 1766 1877).
2117 1708 2266 1751 Adde:

318 1785 359 1831 β.
392 1774 679 1819 rotundis
684 1774 807 1818 olia
828 1773 934 1816 WK.
970 1773 1167 1817 Oesterr.
1191 1772 1283 1815 bot.
1309 1771 1526 1814 Zeitschr.
1551 1771 1680 1824 1891,
1714 1770 1884 1813 foliolis
1915 1767 2162 1824 majoribus
2194 1766 2268 1810 ob-

394 1835 825 1887 ovato-rotundatis,
859 1833 1050 1876 racemis
1082 1830 1301 1874 laxifioris
1333 1831 1574 1886 elongatis.

275 1896 331 1938 In
364 1895 586 1938 sabulosis
618 1908 683 1949 pr.
719 1895 759 1937 S.
793 1893 949 1946 Roque
982 1895 1028 1934 et
1060 1891 1295 1935 Gibraltar
1327 1891 1610 1947 (REvERcHA
1644 1890 1686 1933 d.
1722 1889 1746 1931 7
1780 1889 1886 1932 Jun.
1921 1886 2068 1943 1888).

275 1969 405 2014 3838.
441 1968 630 2013 Orionis
661 1968 802 2012 hirta
833 1968 976 2010 DESF.
1010 1991 1066 1996 —-
1100 1966 1261 2008 PEREZ
1295 1965 1427 2007 LARA
1462 1965 1489 2007 l.
1525 1977 1559 2007 c.
1593 1977 1634 2018 p.
1668 1963 1780 2007 477!
1844 1962 1997 2006 Adde:
2040 1974 2105 2016 pr.
2139 1962 2270 2005 Jerez

125 2032 175 2073 in
206 2030 420 2074 Abiertas
453 2029 507 2072 de
539 2028 732 2071 Caulina
763 2028 895 2085 (PER.
929 2025 1092 2082 LARA).

319 2097 360 2144 β.
394 2093 701 2143 prostrata
734 2087 884 2130 Bmss.
935 2085 1080 2139 Prope
1104 2084 1322 2128 Saulucar
1356 2087 1401 2126 et
1423 2084 1524 2127 Pto.
1559 2083 1612 2126 de
1636 2083 1729 2125 Sta.
1753 2082 1902 2125 Maria
1933 2080 2124 2138 (01111111),
2159 2080 2271 2124 Gra-

395 2148 568 2191 zalema
601 2147 881 2204 (REVERGH.!
916 2144 1064 2201 1890).

277 2221 406 2265 3839.
443 2220 632 2266 Ononis
667 2220 851 2264 diffusa
882 2221 996 2263 TEN.
1032 2243 1086 2250 —
1121 2219 1235 2261 PER.
1270 2217 1406 2260 LARA
1438 2217 1465 2259 1.
1500 2230 1535 2260 c.
1569 2230 1609 2271 Ρ.
1634 2215 1743 2258 477!
1789 2215 1941 2258 Adde:
1978 2228 2012 2258 c.
2036 2214 2273 2270 Algeciras

128 2282 388 2340 (REVERCH.
423 2280 572 2338 1887),
606 2282 707 2324 Pto.
743 2280 797 2323 de
830 2279 923 2322 Sta.
957 2279 1104 2321 Maria
1137 2278 1194 2319 ad
1227 2276 1294 2319 La
1317 2276 1522 2320 Puntilla
1556 2275 1688 2333 (PER.
1721 2274 1886 2331 LARA).
1930 2274 2104 2318 Crescit
2136 2274 2273 2316 etiam

130 2341 378 2386 Gibraltar.
415 2340 834 2398 (Neutra-l-Ground
868 2339 925 2381 ad
958 2338 1288 2392 Catalan-Bay,
1322 2336 1453 2392 KEL„
1488 2334 1669 2392 Dimum).

279 2414 408 2459 3841.
444 2413 634 2459 Ononis
666 2412 945 2457 mitissima
977 2412 1027 2455 L.
1081 2411 1210 2454 Adde
1242 2410 1341 2453 loca
1375 2424 1398 2454 e
1429 2423 1570 2466 regno
1603 2409 1811 2453 Valent:
1845 2422 1909 2462 pr.
1933 2406 2194 2464 Valldigna,
2228 2406 2275 2448 in

129 2474 353 2519 sabulosis
396 2475 455 2517 ad
495 2474 599 2517 fluv.
632 2473 908 2517 Villanueva
952 2471 1133 2528 (Rom).
1197 2470 1450 2526 Divulgata
1491 2471 1541 2512 in
1582 2482 1704 2523 prov.
1746 2468 1899 2512 Gra-dit.
1946 2466 2077 2523 (PER.
2111 2464 2274 2520 LARA).

131 2535 350 2578 Provenit
383 2535 524 2577 etiam
556 2533 804 2578 Gibraltar.
840 2531 994 2589 (REL.)
1027 2535 1073 2574 et
1104 2531 1153 2573 in
1186 2529 1332 2572 Catal.
1367 2529 1432 2586 (in
1465 2527 1670 2572 confiniis
1702 2527 1895 2582 Galliae,
1928 2524 2106 2582 Coma).

281 2608 412 2653 3842.
448 2607 637 2653 Ononis
670 2606 914 2651 iilicaulis
948 2606 1114 2649 SALZM.
1149 2630 1206 2635 -—
1238 2605 1352 2648 PER.
1385 2605 1519 2647 LARA
1549 2603 1578 2646 1.
1611 2616 1646 2646 c.
1691 2616 1731 2657 p.
1766 2601 1878 2645 478!
1942 2600 2070 2644 Adde
2112 2600 2210 2642 loca
2255 2612 2277 2640 c

133 2682 257 2723 prov.
292 2669 469 2712 Gadit.:
504 2682 540 2712 c.
575 2669 616 2712 8.
648 2669 805 2722 Roque
838 2666 1016 2722 (ΒΑΗ),
1050 2666 1182 2710 Jerez
1214 2665 1263 2706 111
1294 2664 1466 2707 Llanos
1498 2663 1553 2706 de
1576 2663 1780 2716 Caulina,
1813 2663 1861 2704 111
1893 2660 2076 2716 praedio
2101 2658 2279 2702 Dehesa

134 2728 207 2771 del
237 2727 419 2771 Abanto
452 2728 536 2771 int.
570 2728 729 2771 Cortes
762 2730 808 2770 et
840 2725 1021 2771 Jimena
1053 2724 1186 2781 (PER.
1220 2723 1384 2779 LARA).

283 2802 413 2845 3843.
448 2801 637 2846 Ononis
671 2799 1067 2845 Salzmanniana
1097 2799 1249 2843 Boiss.
1283 2798 1429 2842 Rem.
1492 2797 1622 2840 Adde
1655 2796 1755 2839 loca
1787 2809 1811 2838 e
1842 2807 1966 2849 prov.
2001 2794 2179 2837 Gadit:
2215 2806 2279 2847 pr.

134 2862 373 2918 Algeciras
406 2863 665 2919 (REVERCH.
699 2860 847 2917 1887),
882 2861 1015 2904 Jerez
1049 2859 1109 2901 ad
1141 2858 1338 2914 Laguna
1370 2857 1426 2900 de
1457 2856 1632 2899 Torrox
1663 2856 1796 2912 (PER.
1831 2854 1998 2911 LARA).

281 2935 412 2979 3846.
449 2934 637 2980 Ononis
659 2935 850 2979 striata
870 2934 985 2978 Gon.
1025 2933 1155 2977 Adde
1187 2932 1287 2974 loca
1319 2944 1343 2974 e
1369 2930 1515 2975 Catal.
1550 2931 1735 2974 orient:
1769 2942 1834 2984 pr.
1859 2926 2112 2981 Set-Casas,
2146 2926 2277 2970 Serra

137 2996 211 3039 del
242 2996 384 3050 Nava,
420 3008 578 3039 versus
611 2995 796 3039 Salarsa
829 2992 1030 3052 (Vua).

285 3068 416 3113 3848.
451 3068 642 3113 Ononis
674 3069 950 3113 Columnae
981 3069 1094 3111 Am..
1157 3065 1286 3108 Adde
1330 3065 1429 3108 loca
1472 3077 1495 3108 e
1528 3064 1674 3108 Catal.
1717 3063 1905 3106 orient:
1950 3060 1998 3104 111
2039 3073 2162 3116 prov.
2196 3060 2281 3102 Go-

136 3129 355 3173 rundensi
386 3142 544 3172 versus
577 3129 763 3185 Sagaro,
799 3128 904 3172 Olot
935 3126 1136 3185 (Vna).

331 3204 372 3251 β.
407 3196 796 3253 glabrescens
827 3194 934 3238 WK.
967 3192 1037 3252 (O.
1071 3193 1277 3248 capitata
1309 3189 1451 3245 eum).
1514 3191 1569 3234 In
1601 3188 1747 3232 Catal.
1781 3189 1922 3231 etiam
1952 3198 2109 3230 versus
2140 3185 2284 3228 Ponts

407 3260 453 3299 et
484 3256 652 3299 Artesa
683 3255 738 3298 de
761 3253 900 3310 Segre
933 3252 1136 3311 (JOVER),
1170 3265 1206 3294 c.
1240 3251 1379 3294 Prats
1411 3250 1466 3292 de
1500 3250 1597 3304 Rey
1630 3247 1849 3306 (Paroa),
1884 3247 2048 3300 Tremp
2081 3243 2284 3302 (CosrA).

332 3333 375 3372 y.
408 3314 655 3358 remotis
665 3314 794 3357 lora
826 3312 932 3356 WK.
966 3312 1186 3356 deleatur.
1251 3309 1366 3353 Vide
1399 3309 1594 3364 speciem
1625 3311 1899 3362 sequentem.
1962 3305 2114 3349 Adde:

336 3392 378 3431 γ.
413 3374 690 3429 calycina
721 3374 853 3418 Rom(
886 3373 995 3416 Exc.
1028 3371 1090 3427 II,
1123 3385 1164 3426 p.
1199 3370 1282 3413 64!
1317 3368 1495 3412 laciniis
1527 3367 1667 3424 calyc.
1700 3367 1922 3423 porrectis
1952 3366 2125 3420 apicem
2155 3362 2284 3406 folio-

409 3447 509 3477 rum
539 3432 767 3477 floralium
799 3430 1140 3488 attingentibus
1173 3435 1220 3473 et
1252 3427 1481 3485 legumine
1513 3426 1609 3470 fere
1642 3425 1778 3481 duplo
1811 3423 2106 3481 longioribus.

289 3495 344 3537 In
375 3506 518 3549 regno
550 3493 691 3536 Murc.
725 3492 808 3548 (pr.
842 3491 997 3534 Hellin
1027 3491 1077 3533 in
1108 3488 1297 3532 montib.
1331 3488 1466 3531 Cerro
1499 3486 1573 3530 del
1603 3485 1720 3529 Pino
1753 3490 1801 3529 et
1833 3484 1983 3527 Sierra
2015 3483 2070 3526 de
2102 3482 2172 3525 las
2203 3481 2285 3525 Ca-

204 3552 310 3597 bras
355 3554 520 3597 RouY.

314 3587 376 3656 ’ὁὶ
409 3552 680 3667 paliciflo
694 3624 756 3654 ra
778 3610 911 3654 Rour
943 3609 971 3653 1.
996 3609 1057 3652 c.!
1089 3606 1275 3650 floribus
1297 3605 1424 3661 apice
1446 3604 1590 3649 caulis
1610 3605 1924 3657 'ramorumque
1948 3599 2286 3657 approximatis,

411 3685 439 3714 a
471 3670 594 3714 foliis
624 3668 858 3714 floralibus
879 3669 1015 3724 longe
1036 3666 1276 3722 superatis,
1309 3665 1480 3708 foliolis
1500 3663 1764 3717 minoribus,
1798 3658 2155 3719 angustioribus,
2187 3660 2288 3713 p‘ro-

416 3729 557 3773 funde
588 3727 1066 3784 cuspidato-dentatis.

294 3789 406 3833 Cum
438 3789 736 3844 praecedente
769 3788 951 3846 (Rour).
