2455 4033
1241 154 1362 208 144

393 309 624 353 Observ.
688 309 749 351 Cl.
783 309 913 350 Rom(
947 305 1334 349 observationibus
1377 306 1424 348 in
1465 319 1604 361 regno
1637 305 1880 349 Valentino
1922 306 2057 351 factis
2097 311 2143 351 et
2184 321 2360 363 compa-

303 367 478 411 ratione
510 367 851 410 accuratissima
883 365 1154 418 Thymorum
1185 364 1278 406 illic
1309 363 1670 418 provenientium
1714 366 1943 409 convictus
1975 370 2065 421 est,
2109 367 2190 410 Th.
2223 369 2359 410 aesti-

304 440 407 469 vum
428 428 571 469 REUT.
597 429 642 468 et
664 425 910 478 hyemalem
930 424 1041 466 LGE.
1067 422 1239 477 (Prodr.
1263 421 1304 465 fi.
1328 422 1441 476 hisp.
1465 436 1506 465 n.
1532 422 1664 478 2246)
1690 424 1747 465 ad
1769 423 1971 477 plantam
1993 438 2061 479 ap.
2085 425 2361 476 BARRELJER

306 486 352 527 in
384 486 509 527 icone
544 484 629 526 780
660 483 903 537 figuratam
935 480 1193 523 referendos
1225 494 1332 523 esse.
1384 481 1679 534 Quamobrem
1710 481 1757 523 in
1781 482 2002 527 observat.
2025 483 2084 525 ad
2105 497 2276 527 excuss.
2299 485 2360 538 H,

302 557 341 597 p.
368 543 422 585 76
455 543 643 597 speciem
675 554 835 583 novam
867 539 948 583 sub
980 553 1094 582 nom.
1129 539 1220 582 Th.
1250 540 1362 581 Bar
1375 540 1612 582 rielieri
1643 541 1887 595 proposuit,
1921 543 1993 584 cui
2026 543 2168 585 serius
2199 556 2360 585 nomen

303 602 392 644 Th.
424 601 669 644 Reuteri
701 599 836 653 dedit,
870 598 986 651 quod
1014 597 1108 652 jam
1131 598 1371 640 SPRENGEL
1403 598 1486 641 sub
1518 612 1632 641 nom.
1657 599 1737 641 Th.
1762 600 2004 643 Barrelieri
2034 601 2362 643 Micromeriam

300 659 570 702 mai-isoliam
602 658 849 711 descripsit.
914 655 976 699 CI.
1009 657 1140 699 Rom
1172 657 1361 710 speciem
1394 670 1540 712 suam,
1576 657 1701 712 cujus
1732 661 1826 701 tres
1857 658 2105 702 varietates
2137 660 2361 715 distinxit,

303 719 432 761 modo
466 720 677 770 sequente
710 715 943 758 describit:

389 791 605 844 Thymus
639 789 845 833 Reuteri
876 789 1020 832 Rour.
1085 789 1384 843 Caespitosus,
1419 789 1622 832 caulibus
1654 790 1754 843 plus
1785 791 1932 834 minus
1964 791 2165 846 lignosis,
2199 792 2361 836 erectis

195 849 200 853 ”
242 864 280 893 v.
305 849 691 903 adscendentibus,
716 849 845 891 valde
868 847 1068 902 ramosis,
1093 850 1230 890 ramis
1252 848 1438 904 rigidis,
1461 847 1538 891 fol.
1564 848 2022 904 oblongo-linearibus
2045 850 2358 905 linearibusve,

242 910 422 962 crassis,
466 908 670 962 margine
702 908 939 961 revolutis,
986 906 1324 960 obtusiusculis,
1369 907 1466 949 basi
1499 908 1771 962 attenuatis,
1806 921 1942 962 supra
1973 908 2361 964 glabrescentibus

241 982 278 1008 v.
313 966 656 1020 pulverulentis,
692 966 851 1009 subtus
883 965 983 1019 plus
1014 967 1163 1009 minus
1195 966 1471 1019 tomentosis,
1506 965 1736 1009 floralibus
1769 966 2168 1021 subconformibus,
2201 982 2359 1022 parum

240 1025 496 1077 latioribUS,
535 1025 665 1067 fiores
697 1038 787 1067 non
820 1025 1159 1079 superantibus,
1194 1024 1528 1078 subsessilibus,
1563 1025 1663 1078 plus
1694 1025 1842 1068 minus
1873 1026 2008 1068 dense
2039 1027 2087 1068 in
2119 1026 2361 1070 fasciculos

238 1084 450 1126 axillares
484 1083 734 1138 congestis3
767 1082 1001 1126 verticillis
1033 1083 1302 1138 paucifioris,
1335 1084 1382 1125 in
1414 1083 1669 1138 paniculam
1700 1083 1880 1127 brevem
1901 1087 1983 1127 aut
2003 1085 2051 1126 in
2075 1086 2241 1138 spicam
2262 1085 2360 1129 basi

238 1144 540 1196 interruptam
581 1143 833 1196 dispositis3
875 1142 1060 1184 floribus
1101 1143 1274 1197 parvis,
1318 1142 1515 1184 breviter
1556 1142 1857 1198 pedicellatis,
1902 1142 2066 1197 calycis
2105 1144 2361 1199 glandulosi

239 1202 355 1243 labio
390 1200 616 1254 superiore
649 1200 920 1253 tridentato,
962 1201 1172 1243 dentibus
1205 1200 1722 1257 ovato-triangularibus
1754 1201 1921 1258 acutis,
1965 1202 2110 1244 medio
2143 1202 2360 1258 longiore,

239 1259 417 1303 laciniis
449 1260 558 1302 labii
588 1259 789 1302 inferior.
824 1259 1067 1315 subulatis,
1114 1260 1298 1313 ciliatis,
1341 1260 1508 1302 corolla
1541 1260 1689 1314 calyce
1723 1274 1893 1315 semper
1924 1261 2146 1317 longiore,
2186 1261 2362 1305 rubella

237 1333 277 1362 v.
311 1332 547 1373 purpurea.

430 1395 469 1419 α.
505 1378 799 1420 01·1001(105
841 1378 939 1432 (Τ11.
972 1377 1189 1430 hyemalis
1221 1377 1365 1434 Len).
1429 1378 1554 1420 Adde
1597 1378 1716 1420 lcca:
1761 1379 1809 1421 in
1840 1378 1941 1421 Val.
1984 1379 2032 1420 in
2074 1380 2252 1433 pascuis
2294 1393 2358 1433 pr.

501 1436 654 1478 Alcira
688 1436 867 1491 (PORTA
901 1440 946 1478 et
976 1436 1113 1490 RIGo,
1149 1436 1283 1490 1891,
1325 1450 1414 1479 exs.
1449 1450 1491 1478 n.
1525 1437 1713 1492 447b1),
1758 1438 1898 1480 Mure.
1933 1436 1979 1478 in
2010 1437 2163 1480 Monte
2195 1439 2359 1494 Agudo

501 1494 667 1550 (Rour)
700 1499 745 1537 et
767 1496 824 1538 M.
849 1495 1044 1551 Mugron
1076 1508 1139 1548 pr.
1163 1495 1381 1537 Almansa
1403 1495 1583 1552 <PORTA
1606 1501 1652 1538 et
1673 1497 1802 1550 Rieo,
1837 1495 1964 1549 1891,
1998 1509 2087 1539 exs.
2111 1510 2153 1538 n.
2178 1497 2260 1539 441
2278 1498 2358 1553 al),

501 1554 549 1595 in
583 1554 769 1597 collibus
801 1554 911 1597 arid.
947 1568 1010 1608 pr.
1045 1554 1243 1596 Almeria
1276 1554 1451 1609 (Pom,
1485 1556 1614 1609 Rmo,
1653 1554 1796 1611 1890).

429 1620 470 1666 β.
506 1612 900 1655 intermedius
932 1614 1075 1666 RoUY,
1109 1611 1230 1655 foliis
1262 1612 1452 1668 longior.
1488 1618 1533 1656 et
1564 1612 1802 1656 latioribus
1836 1614 1911 1656 sed
1943 1615 2075 1656 nimis
2097 1616 2358 1668 numerosis,

499 1671 676 1714 laciniis
708 1671 844 1725 calyc.
879 1671 1078 1715 inferior.
1113 1671 1282 1713 labium
1319 1673 1522 1726 superius
1555 1673 1872 1727 aequantibus,
1915 1673 2090 1715 corollis
2121 1675 2358 1728 purpureis

502 1731 651 1784 calyce
686 1731 902 1784 subduplo
936 1730 1228 1785 longioribus.

382 1788 525 1842 Prope
550 1789 763 1832 Orihuela
795 1789 841 1831 in
874 1790 985 1832 colle
1019 1790 1058 1832 S.
1082 1789 1267 1845 Miguel,
1301 1790 1454 1832 Hellin
1487 1790 1534 1831 in
1557 1789 1690 1832 Cerro
1724 1789 1795 1831 del
1817 1788 1943 1843 Pino,
1976 1790 2023 1832 in
2057 1791 2226 1833 ditione
2259 1804 2355 1844 opp.

294 1849 439 1891 Denia
473 1848 650 1904 (Rom).

425 1925 465 1963 y.
500 1907 594 1949 lon
608 1906 699 1962 gif
710 1908 865 1950 clius
887 1907 1018 1950 Rour
1041 1908 1139 1963 (Th.
1165 1908 1366 1949 aestivus
1388 1906 1565 1962 Risum).
1607 1905 1690 1949 His
1714 1906 1929 1960 expositis
1950 1910 2091 1963 patet,
2115 1908 2196 1950 Th.
2222 1909 2357 1951 aesti-

499 1979 604 2008 vum
638 1966 694 2008 ad
728 1966 807 2008 Th.
842 1967 1075 2021 vulgarem
1107 1967 1156 2009 L.
1190 1965 1351 2008 referri
1383 1979 1472 2008 non
1504 1978 1645 2020 posse,
1678 1966 1725 2008 id
1757 1966 1873 2019 quod
1906 1966 1957 2009 cl.
1987 1965 2088 2008 PAU
2120 1966 2146 2009 1.
2172 1979 2206 2009 c.
2241 1980 2356 2009 com-

498 2025 687 2079 probare
720 2026 885 2068 studet.

251 2155 286 2197 L
380 2096 507 2198 2347.
542 2097 762 2152 Thymus
796 2097 1126 2153 caespiticius
1148 2099 1325 2141 HFFGG.
1349 2098 1431 2140 LK.
1487 2096 1692 2140 Occurrit
1725 2099 1862 2140 etiam
1893 2097 1975 2140 int.
2000 2099 2166 2142 Orense
2188 2103 2234 2142 et
2256 2099 2356 2153 Tuy

232 2160 245 2210 ζ
289 2156 763 2284 ΕΒ.,22Ῑέ.ι)’1“11γ111118
796 2229 1049 2285 Piperella
1080 2231 1131 2273 L.
1197 2228 1369 2273 Crescit
1413 2231 1551 2272 etiam
1592 2231 1639 2272 in
1670 2230 1870 2285 Aragon.
1904 2233 2046 2274 austr.
2079 2230 2161 2285 (pr.
2193 2231 2361 2275 Valde-

233 2288 412 2343 cabriel,
445 2288 670 2345 BLANCA).
733 2289 787 2331 In
818 2303 958 2344 regno
990 2289 1091 2333 Val.
1125 2303 1189 2343 pr.
1223 2289 1476 2345 Valldigna
1509 2287 1691 2344 (Cuesta
1725 2289 1778 2331 de
1809 2289 1963 2344 Barig,
1994 2289 2156 2346 Rom).

379 2361 507 2405 2249.
542 2362 762 2417 Thymus
796 2363 1138 2417 chamaedrys
1176 2363 1258 2406 FB.
1322 2371 1363 2417 β.
1399 2362 1718 2418 glabratus
1751 2362 1862 2404 LGE.
1897 2363 2091 2405 occurrit
2130 2364 2269 2406 etiam
2309 2365 2358 2406 in

227 2433 366 2475 regno
399 2421 498 2464 Val.
535 2421 702 2477 (Sierra
736 2422 788 2464 de
823 2422 1027 2475 Sacafiet,
1061 2423 1321 2464 REVERcffl
1355 2420 1501 2478 1891).
1565 2421 1792 2475 Frequens
1824 2422 1871 2463 in
1901 2421 2086 2465 montib.
2120 2422 2269 2466 Sierra
2301 2423 2356 2466 de

230 2479 520 2523 Javalambre
553 2483 598 2523 et
631 2480 671 2524 S.
707 2481 759 2523 de
791 2481 1058 2523 Albarracin
1091 2480 1240 2537 (PAU).

377 2553 506 2597 2250.
545 2553 768 2608 Thymus
803 2553 1091 2609 Serpyllum
1121 2555 1172 2597 L.
1227 2554 1459 2598 Observ.
1509 2553 1727 2596 Deleatur
1758 2553 1868 2596 haec
1901 2566 2028 2608 spec,
2061 2567 2174 2607 quae
2205 2556 2357 2598 varias

229 2612 396 2665 species
427 2625 466 2654 v.
503 2613 756 2667 subspecies
795 2613 930 2656 facile
970 2614 1317 2669 distinguendas
1352 2613 1555 2655 continet
1586 2616 1632 2655 et
1664 2612 1891 2656 dividetur
1922 2626 2134 2657 numerus
2165 2614 2213 2656 in
2245 2614 2356 2657 duos

228 2674 462 2723 sequentes
475 2686 483 2713 :

375 2743 502 2787 2250.
536 2744 755 2799 Thymus
790 2745 1148 2801 anqustiiolius
1171 2746 1311 2788 PERs.
1337 2745 1437 2800 (Th.
1462 2745 1711 2799 Serpyllum
1741 2753 1783 2800 β,
1817 2744 2140 2800 angustifolius
2163 2745 2353 2803 Prodr.).

226 2802 442 2845 Provenit
474 2804 611 2846 etiam
642 2805 690 2847 in
711 2804 919 2847 Navarra
950 2804 996 2847 in
1028 2806 1206 2859 pascuis
1240 2805 1383 2859 510015,
1417 2803 1527 2847 10015
1558 2803 2132 2860 1·upestribus(CAsAv.)et
2151 2805 2352 2861 Aragon.

227 2861 325 2933 (int.
348 2861 501 2905 Fiscal
533 2865 578 2904 et
600 2863 763 2918 Yebra,
797 2864 1007 2919 LAGUNA,
1041 2864 1190 2906 Sierra
1223 2864 1277 2907 de
1306 2863 1609 2916 Javalambre,
1642 2876 1706 2917 pr.
1730 2862 1999 2906 Alban-acin
2031 2862 2170 2919 (PAUi
2205 2863 2351 2921 1889).

375 2934 563 2977 22501212.
597 2935 816 2991 Thymus
847 2949 1090 2980 nervosus
1123 2937 1164 2981 J.
1190 2936 1292 2980 GAY
1325 2936 1422 2994 (Th.
1449 2936 1698 2991 Serpyllum
1727 2953 1770 2993 γ.
1806 2935 2036 2980 confertus
2058 2936 2248 2995 Prodr.).
2295 2938 2353 2981 In

226 2993 373 3037 Catal.
406 2993 590 3049 regione
621 2998 758 3039 mont.
792 2998 838 3038 et
869 2995 1128 3050 Pyrenaeis.

373 3053 463 3096 Th.
488 3052 820 3108 Serpyllum
851 3072 892 3096 α.
926 3054 1274 3097 Linneanus
1307 3054 1391 3098 GR.
1415 3053 1561 3097 Gonn.
1594 3053 1653 3095 ad
1685 3053 1765 3096 Th.
1789 3053 2089 3108 Chamaedrys
2119 3054 2202 3098 Fa.
2234 3054 2352 3100 refe-

283 3112 462 3154 rendus.
525 3111 776 3155 Deleantur
817 3126 985 3166 synom.
1027 3113 1118 3156 Th.
1152 3113 1403 3169 lanugin
1417 3126 1440 3155 o
1454 3125 1516 3156 su
1530 3125 1550 3155 5
1588 3113 1670 3155 LK.
1714 3115 1760 3154 et
1799 3125 1827 3166 p
1840 3125 1950 3155 ann
1963 3112 2133 3156 onicu
2146 3126 2167 3156 s
2203 3113 2347 3157 chss.

282 3183 396 3226 quae
428 3170 485 3212 ad
518 3171 554 3213 T
567 3170 608 3213 h.
641 3171 687 3214 M
701 3184 728 3213 a
741 3185 762 3213 r
776 3184 795 3214 s
809 3185 831 3213 0
842 3171 871 3214 11
883 3185 910 3213 a
922 3172 967 3226 11
980 3172 995 3214 1
1008 3186 1035 3214 0
1047 3185 1077 3214 11
1089 3185 1119 3215 11
1131 3185 1174 3214 111
1206 3173 1280 3216 W.
1315 3174 1524 3227 spectant
1534 3206 1544 3226 ,
1582 3172 1658 3226 qui
1689 3170 1737 3213 in
1767 3170 1990 3226 Hispania
2021 3170 2098 3214 vix
2127 3172 2348 3226 provenit.

371 3242 498 3286 2251.
533 3243 749 3298 'thymus
772 3245 940 3288 Herba
961 3245 1155 3289 barona
1177 3245 1299 3288 L01s.
1355 3246 1390 3289 Ο
1405 3244 1432 3287 b
1449 3257 1589 3288 serv.
1633 3243 1802 3287 Planta
1823 3244 2058 3288 valentina
2079 3258 2106 3286 a
2130 3245 2182 3288 01.
2199 3245 2350 3289 WEBB

225 3301 306 3346 sub
327 3315 443 3345 nom.
468 3301 629 3345 Loise
646 3302 818 3345 leurii
851 3307 1113 3346 enumerata
1135 3317 1225 3347 non
1251 3306 1320 3347 est
1343 3302 1542 3346 identica
1565 3315 1666 3345 cum
1686 3303 1845 3357 planta
1867 3302 2050 3357 corsica,
2084 3303 2161 3346 sed
2183 3304 2352 3358 species

223 3374 415 3415 propria,
448 3373 626 3414 nempe:

369 3419 588 3474 Thymus
620 3419 927 3464 Webbianus
958 3421 1090 3464 RoUY
1121 3422 1229 3465 Exc.
1262 3421 1354 3475 III,
1399 3434 1439 3475 p.
1473 3420 1552 3463 45!
1611 3418 1961 3474 Suffrutescens,
2005 3419 2209 3463 caulibus
2247 3434 2348 3475 pro-

224 3477 384 3520 stratis
413 3491 453 3520 v.
488 3478 879 3534 decumbentibus,
922 3480 1055 3522 valde
1092 3479 1303 3534 ramosis,
1345 3478 1484 3522 ramis
1518 3477 1806 3522 circacircum
1836 3479 1971 3521 dense
2001 3478 2349 3533 pubescentibus

222 3549 262 3579 v.
285 3536 576 3591 tomentosis,
607 3535 731 3579 foliis
763 3550 898 3591 supra
918 3537 1280 3592 pubescentibus,
1314 3538 1474 3581 subtus
1497 3536 1775 3592 tomentosis,
1808 3536 1907 3580 basi
1928 3536 2108 3592 ciliatis,
2141 3537 2348 3594 margine

225 3594 574 3649 subrecurvatis,
607 3595 875 3638 lanceolatis
908 3596 1104 3651 obtusis3
1135 3595 1472 3639 verticillastris
1505 3595 1732 3651 capitatis,
1764 3595 1948 3639 fioribus
1970 3594 2252 3650 pedicellatis
2273 3595 2352 3653 (iis

223 3652 302 3695 Th.
326 3653 506 3697 Herbae
538 3654 734 3710 baronae
757 3654 879 3696 L01s.
903 3654 1179 3711 majoribus),
1214 3654 1380 3708 calycis
1411 3654 1509 3697 basi
1541 3653 1717 3709 oblique
1748 3653 1950 3697 truncati
1977 3653 2097 3696 labio
2120 3654 2347 3708 superiore

221 3711 420 3811 breviter
464 3712 740 3768 tridentato,
790 3712 1000 3756 dentibus
1048 3713 1195 3758 ovatis
1241 3712 1512 3769 cuspidatis,
1562 3712 1729 3756 corolla
1775 3725 1928 3768 rosea,
1978 3712 2127 3767 calyce
2175 3711 2259 3771 1¹]2
2272 3712 2348 3767 plo

240 3782 436 3825 ongiore.
