2455 4033
1098 128 1221 182 5245

241 283 370 328 3752.
403 282 669 327 Trifolium
699 282 997 338 fraqiferum
1030 283 1079 325 L.
1134 281 1352 325 Provenit
1384 282 1524 325 etiam
1556 281 1603 324 in
1635 282 1841 326 Navarra
1874 282 1928 339 (c.
1963 281 2225 337 Caparroso.

89 343 278 400 CASAv.)
311 347 358 386 et
389 356 511 397 prov.
535 342 687 385 Gadit.
712 343 766 398 (c.
791 341 1021 394 Saulucar,
1056 342 1210 395 Com,
1244 342 1343 384 Pto.
1370 341 1424 384 de
1448 340 1542 384 Sta.
1565 341 1726 395 Maria,
1761 340 2006 395 (ἐσται-ΒΚ,
2039 341 2225 395 Bornos,

91 402 321 457 Chiclana,
355 402 501 455 Jerez,
537 402 650 445 Pru.
684 401 850 456 LARA).
905 401 959 443 In
990 413 1131 456 regno
1154 400 1257 443 Val.
1291 413 1356 454 pr.
1381 400 1577 456 Segorbe
1610 401 1667 443 ad
1700 400 1803 444 fluv.
1827 400 2047 443 Palancia
2080 399 2227 457 (PAU).

241 475 370 519 3754.
404 474 665 518 Trifolium
697 474 941 518 striatam
973 474 1023 517 L.

285 553 326 578 α.
359 535 682 591 genuinum
714 535 825 577 Lei-2.
878 533 1006 576 Adde
1039 532 1136 575 loca
1170 532 1335 576 CataL:
1370 546 1405 575 c.
1430 532 1689 588 Guillerias,
1723 546 1881 577 versus
1907 532 2227 588 Castanyadell

359 593 565 650 (Mane),
611 607 646 636 c.
680 583 961 648 Camprodon
1005 597 1051 634 et
1094 590 1200 634 Olot
1240 591 1438 649 (Vna).
1502 593 1656 635 Etiam
1697 593 1744 635 in
1788 606 1910 647 prov.
1948 592 2102 637 Gadit.
2145 593 2228 650 (pr.

360 651 618 708 Algeciras,
662 653 900 696 Ravmcn.
935 649 1069 704 1887,
1116 665 1150 693 c.
1192 650 1438 704 s‘a—stellar,
1483 650 1564 694 int.
1612 651 1769 694 Alcala
1813 655 1859 695 et
1900 652 1989 695 Los
2031 651 2229 707 Batrios,

285 789 328 828 γ.
361 713 492 826 ξέῗῇ
505 711 711 814 &litigiis
743 771 854 814 LGE.
918 771 971 814 ln
1011 770 1155 824 pratis
1189 782 1252 823 pr.
1286 768 1521 812 Benaocaz
1556 783 1676 824 prov.
1711 771 1864 814 Gadit.
1899 771 2029 826 (PER.
2063 771 2230 827 ΒΑΜ).

146 865 153 871 ·
240 844 370 888 3755.
403 844 669 888 Trifolium
700 846 940 899 pratense
972 844 1021 886 L.
1081 842 1316 887 Observ.
1366 842 1429 885 cl.
1463 844 1659 886 GIBELLI
1691 847 1737 886 et
1769 844 1951 887 Bam*
1982 846 2231 888 varietates

90 907 331 958 sequentes
363 904 635 959 principales
667 903 801 959 hujus
834 902 998 958 speciei
1031 901 1311 957 polymorphi
1343 902 1674 946 distinxerunt:

287 982 328 1007 α.
362 964 622 1007 sativum
653 964 797 1006 chss.
862 962 1030 1005 Planta
1073 962 1226 1017 typica
1268 975 1347 1016 per
1384 974 1558 1004 omnem
1590 962 1683 1005 fere
1717 962 1946 1017 Europam
1978 964 2230 1019 divulgata.

361 1024 499 1066 etiam
521 1023 570 1065 in
592 1035 714 1077 prov.
739 1022 893 1066 Gadit.
917 1022 1115 1065 occurrit
1137 1021 1191 1076 (c.
1218 1020 1468 1076 Algeciras,
1502 1020 1542 1063 S.
1571 1022 1738 1075 Roque,
1769 1021 1976 1075 (fibram,
2004 1022 2231 1077 DAUTEz),

362 1096 442 1137 pro
484 1082 613 1139 cujus
654 1082 801 1124 forma
842 1094 1016 1135 quoque
1059 1081 1109 1123 T.
1143 1080 1523 1123 bracteatum
1557 1080 1777 1125 Scuousn.
1813 1081 1987 1136 (Prodr.
2021 1095 2063 1125 n.
2098 1081 2231 1137 3756)

357 1141 566 1185 habenda
599 1147 680 1184 est.
745 1141 913 1183 Planta
946 1140 1106 1196 glabra
1140 1153 1179 1182 v.
1213 1152 1367 1194 sparse
1399 1139 1565 1193 pilosa.
1598 1140 1960 1195 macrocephaIa,
1996 1154 2019 1184 e
2052 1141 2231 1185 cultura

359 1206 473 1244 orta.
539 1200 714 1244 Foliola
745 1200 989 1244 maculata.

284 1271 325 1314 μ.
360 1260 646 1304 collinum
677 1259 776 1303 Gm.
810 1260 970 1302 Bam.
1026 1257 1416 1314 Microcephalum,
1450 1258 1632 1313 humile,
1666 1259 1803 1302 ramis
1836 1260 2231 1305 arcuato-adscen-

359 1319 585 1375 dentibus,
608 1319 776 1374 pilosis,
800 1318 970 1362 foliolis
992 1318 1144 1372 parvis
1168 1331 1300 1373 saepe
1322 1317 1639 1371 immaculatis,
1664 1317 1845 1372 stipulis
1867 1319 2046 1373 pilosis,
2070 1318 2232 1373 calyci-

360 1379 443 1422 bus
475 1378 668 1434 villosis,
711 1378 821 1421 tubo
855 1378 1238 1432 roseo-coloratis,
1285 1377 1462 1420 corollis
1494 1378 1656 1431 roseis,
1693 1378 2017 1423 albicantibus,
2052 1378 2233 1421 luteolis

360 1452 399 1482 v.
433 1438 731 1481 luteo—roseis.
794 1438 896 1480 Huc
938 1438 1170 1492 pertinent
1202 1450 1296 1479 var.
1329 1445 1371 1491 β.
1405 1437 1790 1492 pyrenaicum
1821 1437 1927 1481 WK.
1962 1442 2008 1481 et-
2039 1456 2080 1495 γ.
2114 1438 2233 1481 hir-

358 1500 552 1541 sutum
582 1497 733 1542 B01ss.
768 1497 926 1554 (etiam
957 1510 1021 1551 pr.
1054 1497 1219 1540 Ronda
1251 1496 1444 1552 obvium,
1478 1497 1739 1540 Remum!
1773 1495 1920 1553 1889).

284 1576 324 1615 y.
360 1557 563 1600 nivale
596 1556 730 1600 Kocn
763 1556 866 1610 Syn.
930 1557 985 1599 In
1017 1556 1239 1611 Hispania
1285 1569 1374 1598 non
1418 1557 1639 1611 provenit.
1704 1555 1788 1599 His
1821 1557 2123 1600 varietatibus
2157 1557 2232 1599 ad-

355 1617 639 1673 J'ungendum
670 1616 873 1659 videtur:

286 1678 323 1719 ὃ.
357 1676 659 1719 baeticum
680 1676 833 1720 Bolss.
859 1675 1033 1732 (Prodr.
1058 1688 1099 1717 n.
1124 1674 1259 1730 3759)
1291 1675 1338 1717 in
1371 1687 1492 1729 prov.
1518 1675 1670 1718 Gadit.
1694 1674 1956 1729 frequenter
1980 1688 2231 1718 occurrens.

361 1736 430 1779 Cf.
464 1737 579 1779 PER.
614 1735 746 1778 LARA
778 1735 805 1777 l.
840 1749 875 1777 c.
909 1748 948 1790 p.
983 1734 1094 1777 458!
1157 1735 1334 1789 Vulgo:
1375 1734 1576 1790 „Zulla
1608 1734 1845 1778 bravia⁶⁶
1883 1735 2035 1779 Gadit.

241 1796 305 1839 Ol.
338 1795 535 1839 GIBELLI
567 1800 614 1838 et
647 1796 794 1838 BELLI
834 1795 951 1837 hanc
995 1795 1199 1849 plantam
1237 1795 1376 1837 etiam
1406 1794 1455 1836 in
1488 1794 1643 1837 Sicilia
1674 1795 2014 1848 provenientem
2047 1795 2234 1849 speciem

152 1855 468 1899 intermediam
501 1856 622 1898 inter
643 1856 694 1898 Τ.
719 1858 1003 1909 pratense
1035 1872 1076 1897 α.
1111 1858 1157 1896 et
1179 1855 1230 1897 Τ.
1254 1853 1548 1908 pallidum
1570 1854 1643 1897 W.
1668 1853 1773 1898 K1'r.
1798 1867 1894 1898 esse
1918 1860 2124 1898 censent:
2159 1855 2235 1897 sed

152 1929 288 1970 quum
313 1915 363 1958 Τ.
387 1914 608 1969 pallidum
638 1914 686 1956 in
708 1914 932 1968 Hispania
965 1927 1054 1956 non
1087 1913 1338 1968 proveniat,
1371 1913 1489 1956 hanc
1522 1913 1778 1968 opinionem
1810 1914 2029 1969 adoptare
2052 1927 2236 1967 nequeo.

241 1987 370 2031 3758.
403 1988 665 2032 Trifolium
707 1987 1061 2032 ochroleucum
1103 1989 1153 2030 L.
1219 1986 1428 2030 Occurrit
1470 1988 1608 2030 etiam
1652 1988 1699 2030 in
1743 1988 1944 2044 Aragon.
1985 1991 2128 2031 austr.
2173 1987 2234 2043 (in

93 2049 244 2092 Sierra
277 2048 332 2091 de
364 2047 671 2101 Javalambre,
704 2048 946 2091 REVERCH.
982 2046 1127 2103 1891).

241 2122 371 2165 3764.
405 2121 668 2166 Trifolium
709 2120 1069 2165 intermedium
1100 2120 1235 2165 Gnss.
1299 2121 1428 2164 Adde
1471 2121 1593 2164 loca:
1640 2121 1686 2164 in
1731 2121 1882 2165 Sierra
1927 2122 1980 2164 de
2023 2120 2234 2164 Car-tama

93 2182 351 2238 (ΒΕνΕΒοΗ.
386 2181 520 2238 1888)
554 2185 600 2224 et
632 2195 696 2235 pr.
731 2181 1003 2224 Grazalema
1036 2181 1292 2237 (REVEROH.
1327 2179 1456 2236 1890,
1492 2193 1582 2224 exs.
1616 2194 1659 2223 n.
1694 2181 1749 2223 47
1765 2181 1807 2237 !).

243 2241 478 2285 Observ.
535 2242 628 2284 Sec.
663 2241 716 2283 cl.
751 2241 946 2284 Grlssssnm
979 2244 1026 2284 et
1056 2240 1204 2283 BELLI
1236 2240 1282 2297 (l.
1317 2253 1352 2282 c.
1385 2254 1426 2295 p.
1457 2240 1584 2297 1001)
1616 2240 1727 2284 haec
1759 2241 1918 2295 planta
1951 2240 2015 2283 nil
2048 2244 2118 2283 est
2149 2242 2237 2283 nisi

153 2300 356 2344 varietas
387 2302 438 2345 T.
472 2300 774 2356 angustifolii.

242 2374 432 2418 3764biS.
466 2373 729 2418 Trifolium
759 2373 987 2417 Hervieri
1019 2374 1181 2417 FREYN
1213 2387 1342 2417 mscr.
1411 2373 1740 2429 „Subsimplex‚
1786 2374 1983 2417 molliter
2014 2373 2235 2418 villosum.

94 2434 301 2478 caulibus
334 2435 516 2489 erectis,
561 2434 832 2477 internodiis
864 2432 1100 2486 brevibus3
1143 2432 1268 2476 foliis
1300 2433 1506 2476 omnibus
1539 2433 1750 2488 alternis,
1784 2433 2036 2488 petiolatis,
2071 2432 2238 2476 foliolis

95 2493 356 2537 brevissime
388 2494 683 2549 petiolulatis,
717 2493 924 2536 obovatis
956 2505 1096 2546 usque
1122 2492 1559 2548 obovato-cuneatis,
1593 2493 1767 2536 obtusis
1789 2506 1829 2536 V.
1856 2491 2239 2550 subemarginatis

95 2559 144 2597 et
184 2553 336 2597 antice
379 2554 647 2609 praesertim
688 2552 1231 2608 repando-denticulatis3
1273 2551 1453 2607 stipulis
1485 2551 1722 2596 latissimis
1753 2552 1974 2596 viridibus
2007 2556 2053 2595 et
2084 2552 2238 2595 viridi-

95 2614 312 2668 nervatis,
348 2616 502 2656 centro
526 2612 752 2668 diaphano
777 2612 1131 2666 membranaceo,
1165 2612 1258 2655 late
1282 2613 1442 2666 ovatis,
1468 2612 1675 2668 margine
1698 2612 1898 2655 obsolete
1920 2612 2239 2664 denticulatis;

94 2671 282 2716 floribus
312 2673 361 2715 in
395 2686 559 2729 genere
590 2672 799 2727 minimis,
833 2672 881 2714 in
915 2672 1084 2726 spicam
1117 2670 1425 2726 ellipsoideam
1456 2684 1595 2726 usque
1629 2672 1990 2715 ovato-conicam
2010 2671 2239 2727 peduncu-

97 2732 241 2774 latam
273 2731 612 2775 subsolitariam
643 2732 780 2775 dense
813 2731 1103 2788 aggregatis,
1137 2730 1305 2786 calycis
1337 2731 1562 2774 lO-nervii
1593 2731 1756 2786 villosi,
1788 2731 1923 2775 fauce
1953 2732 2080 2774 intus
2112 2731 2240 2774 callis

96 2791 216 2834 binis
247 2791 390 2835 clausi
421 2791 532 2834 tubo
566 2791 688 2847 albo,
723 2792 900 2834 demum
933 2790 1391 2846 ovoideo-urceolato.
1437 2791 1651 2835 dentibus
1682 2793 1880 2847 anguste
1912 2790 2140 2834 subulatis
2167 2790 2239 2834 in-

63 2867 79 2890 e
96 2850 383 2906 aequalibus,
426 2850 537 2894 tubo
569 2850 871 2907 longioribus,
913 2850 1127 2893 corollam
1158 2850 1380 2894 rubellam
1411 2863 1452 2894 v.
1486 2849 1704 2906 pallidam
1737 2850 2040 2905 aequantibus
2070 2849 2143 2894 vel
2174 2850 2239 2907 (in

96 2911 223 2965 apice
247 2909 414 2966 spicae)
431 2911 562 2953 valde
585 2910 919 2965 superantibus,
941 2910 1103 2952 vexillo
1122 2910 1378 2953 lanceolato
1397 2909 1572 2965 obtuso,
1595 2910 1824 2967 legumine
1839 2922 2149 2966 monospermo
2168 2908 2240 2966 (Ρ),

99 2970 266 3013 semine
299 2970 490 3013 obovato
525 2969 683 3013 laevi.“
728 2969 939 3026 (FREYN.)
973 2995 1028 3000 —
1061 2969 1224 3012 (saules
1258 2969 1417 3024 1‚5—7
1435 2982 1505 3013 cm
1525 2970 1569 3025 1.,
1604 2971 1728 3025 spica
1749 2969 1927 3013 16—22
1944 2983 2013 3013 cm
2033 2969 2076 3021 1.,
2109 2969 2240 3025 calyx

100 3028 173 3072 75>
194 3043 283 3072 mm
315 3029 343 3073 l.

246 3090 303 3132 In
322 3089 557 3145 Aragonia
581 3095 723 3132 austr.
747 3089 917 3144 <Sierra
940 3089 995 3132 (le
1017 3090 1283 3143 Gamarena,
1314 3090 1555 3132 REVERCH.
1580 3088 1728 3145 1892).
1752 3113 1808 3120 —
1834 3093 1901 3143 Θ.
1924 3089 1954 3133 J
1957 3089 2063 3131 unio
2085 3088 2148 3145 (n.
2168 3088 2240 3141 v.).

248 3162 379 3206 3766.
412 3162 676 3206 Trifolium
707 3163 1006 3219 lappaceum
1026 3164 1077 3206 L.
1132 3162 1350 3206 Provenit
1381 3164 1521 3206 etiam
1552 3162 1601 3206 in
1632 3176 1773 3219 regno
1795 3163 1937 3206 Murc.
1961 3162 2063 3219 (int.
2086 3162 2238 3206 Hellin

99 3228 147 3265 et
169 3221 320 3266 Sierra
353 3223 407 3266 de
439 3222 508 3266 las
529 3222 713 3278 Cabras,
746 3223 909 3279 Rour).
962 3222 1084 3266 Satis
1117 3223 1407 3278 divulgatum
1436 3223 1485 3265 in
1515 3235 1639 3277 prov.
1663 3223 1896 3267 Gaditana
1918 3222 2050 3279 (PER.
2073 3222 2240 3277 ΒΑΕΔ).

250 3295 380 3339 3767.
413 3295 675 3340 Trifolium
704 3296 929 3340 Cherleri
959 3298 1010 3340 L.
1074 3297 1229 3340 Etiam
1260 3297 1307 3339 in
1339 3309 1481 3353 regno
1505 3296 1691 3340 Valent.
1725 3297 1807 3353 (pr.
1841 3295 1977 3351 Grata,
2010 3295 2161 3353 Rour)
2195 3299 2240 3339 et

101 3354 301 3410 provinc.
334 3355 502 3411 Gadit„
534 3355 613 3399 ubi
644 3356 760 3399 satis
791 3355 934 3411 frequ.
969 3356 1101 3414 (PER.
1135 3355 1302 3413 LARA).

249 3427 379 3473 3768.
413 3428 676 3474 Trifolium
704 3429 901 3474 hirtum
930 3432 1044 3475 Am..
1108 3429 1281 3475 Crescit
1312 3443 1485 3486 quoque
1517 3431 1565 3474 in
1596 3444 1720 3486 prov.
1753 3430 1907 3475 Gadit.
1942 3429 1995 3487 (c.
2029 3430 2056 3475 J
2061 3442 2163 3473 erez
2195 3436 2240 3473 et

101 3489 185 3532 int.
218 3488 416 3544 Ubrique
448 3492 496 3533 et
527 3490 720 3546 Jimena,
754 3490 868 3534 PER.
901 3490 1065 3548 ΒΑΕΔ).

250 3563 381 3607 3769.
414 3562 674 3608 Trifolium
705 3563 945 3608 diffusum
975 3566 1128 3608 Eunu.
1163 3564 1232 3621 (Τ.
1256 3564 1423 3608 rubens
1454 3565 1577 3610 Asso
1609 3577 1700 3609 non
1724 3564 1808 3622 L.).
1862 3562 2071 3608 Occurrit
2103 3561 2243 3607 etiam

103 3622 151 3665 in
184 3623 386 3680 Aragon.
419 3628 562 3668 austr.
597 3624 680 3680 (pr.
712 3623 996 3679 Albarracin,
1030 3624 1171 3681 zm).

253 3756 273 3777 *
295 3755 459 3792 Rivista
491 3755 638 3792 critica
670 3765 693 3791 o
724 3755 966 3792 deserittiva
997 3756 1105 3792 delle
1136 3755 1274 3801 specie
1306 3755 1348 3791 di
1371 3755 1586 3793 Trifolium
1609 3755 1785 3792 italiana
1809 3755 1919 3791 della
1942 3764 2025 3792 soz.
2048 3755 2242 3800 lagopus

104 3799 240 3837 Kocn.
288 3800 450 3842 Τοτίιιο,
476 3804 574 3844 1888,
601 3803 648 3843 4⁰,
672 3809 712 3845 p.
739 3804 884 3835 59—67.
