2455 4033
1261 103 1338 156 14

435 263 471 304 δ.
506 259 839 303 densiflora
872 258 1011 300 PARL.
1045 257 1086 298 fl.
1120 256 1221 299 Ital.
1256 256 1298 308 Ι,
1332 269 1371 309 p.
1407 252 1489 296 181
1534 254 1603 309 (A.
1639 252 1950 307 scabriglumis
1990 252 2140 295 B01ss.
2173 252 2352 309 Enim).

512 319 697 374 ,Variat
714 317 834 359 foliis
856 317 1002 370 planis
1020 318 1100 357 aut
1127 313 1474 365 subconvolutis,
1493 311 1702 365 panicula
1718 311 1865 365 magis
1881 323 1921 352 v.
1941 311 2087 354 minus
2105 316 2352 364 contracta,

506 368 669 432 glumis
691 373 1182 418 scabro-villosiusculis
1200 386 1239 415 v.
1258 369 1747 423 tuberculato-scabriS,
1781 368 1962 411 flosculo
1982 368 2147 424 glumis
2181 369 2352 428 ¹l3-1J‘5

506 436 725 488 breviore,
769 434 897 487 palea
939 431 1150 474 inferiore
1193 431 1417 484 superiore
1452 426 1623 485 ²!3-¹l3
1655 427 1901 482 longiore“.
1945 427 2059 470 PER.
2093 427 2224 471 LARA
2254 429 2282 472 l.
2316 443 2351 471 c.

565 495 790 545 Frequens
817 493 863 534 in
883 491 1088 543 humidis,
1112 489 1360 544 paludibus,
1395 488 1453 530 ad
1477 499 1615 540 aquas
1640 486 1839 541 regionis
1860 484 2060 529 inferior.
2085 490 2131 529 et
2150 491 2351 531 montan.

537 565 626 594 rev.
661 551 809 594 Gadit.

434 628 466 656 ε.
505 566 828 653 Elementei
870 608 981 650 PER.
1016 607 1146 650 LARA
1177 606 1203 649 1.
1239 619 1272 648 c.
1317 605 1385 660 (A.
1429 603 1656 645 maritima
1698 603 1844 645 LAMK.
1887 611 1929 657 β.
1971 603 2215 646 Clementei
2245 603 2352 648 WK.

504 668 657 711 Prodr.
690 667 731 709 fl.
765 667 888 721 Hisp.
922 667 968 720 Ι,
1001 679 1070 708 no.
1105 665 1212 718 222,
1257 664 1430 706 Milium
1472 662 1748 704 maritimum
1779 662 1917 705 CLEM.
1950 662 2091 718 Ens.).
2160 661 2354 718 „Culmis

504 725 678 769 50—90
700 739 767 768 cm
797 725 838 777 1.,
872 725 970 767 basi
991 724 1249 778 repentibus
1271 720 1593 766 radicantibus.
1620 719 1742 762 foliis
1763 721 1982 764 involutis
2003 721 2176 776 rigidis,
2210 721 2354 777 ligula

504 785 695 838 oblonga
742 784 913 835 lacera,
960 783 1170 837 panicula
1213 784 1443 834 compacta
1486 778 1814 832 subcylindrica
1858 779 2140 835 thyrsoidea,
2189 779 2354 835 glumis

501 841 704 896 1.5—1,8
727 855 794 884 cm
826 842 867 896 1.,
902 842 1031 884 dorso
1064 841 1210 883 valide
1245 839 1425 891 scabris.
1459 837 1588 891 palea
1620 836 1833 880 inferiore
1867 839 2031 894 glumis
2065 838 2120 897 ¹sa
2151 837 2354 882 breviore

502 902 674 954 obtusa,
711 902 833 954 apice
866 899 1158 953 denticulata,
1193 899 1416 951 superiore
1450 909 1503 938 ea
1539 894 1590 953 ¹l3
1624 895 1866 939 breviore.“
1905 897 2036 954 (PER.
2068 897 2233 954 LARA.)

556 961 610 1003 In
642 961 841 1002 arenosis
872 959 1064 1001 humidis
1096 972 1158 1012 pr.
1194 958 1360 999 Puerto
1395 956 1448 997 de
1482 954 1574 997 Sta.
1608 954 1766 998 Maria.
1802 963 1810 972 ·

560 1018 674 1060 Hab.
700 1031 811 1072 spec.
836 1019 883 1060 in
899 1019 1079 1070 Europa
1101 1016 1248 1058 media
1271 1020 1315 1057 et
1336 1013 1621 1056 meridionali
1643 1014 1775 1068 omni,
1808 1014 1918 1056 Asia
1937 1018 1983 1056 et
1998 1013 2155 1057 Africa
2170 1014 2353 1058 boreali.

589 1106 705 1148 Loco
739 1107 792 1152 A.
825 1104 1135 1159 scabriglumis
1166 1102 1427 1146 collocanda
1459 1104 1547 1144 est:

385 1179 481 1221 223.
516 1178 744 1234 Aqrostis
768 1178 1016 1221 Gaditana
1037 1178 1153 1220 Nm.
1189 1176 1292 1230 Syll.
1326 1175 1366 1217 fl.
1391 1175 1556 1229 Europ.
1590 1188 1630 1229 p.
1654 1173 1762 1219 408¹.
1791 1173 2078 1231 (Sporobolus
2100 1176 2356 1220 Gaditanus

237 1240 384 1282 Borss.
419 1238 576 1291 REUT„
611 1237 714 1280 NVK.
748 1237 857 1279 LGE.
892 1237 1047 1278 Prodr.
1081 1237 1126 1288 Ι,
1168 1248 1238 1277 nc.
1274 1234 1379 1287 244,
1425 1235 1500 1287 qui
1542 1234 1858 1287 opprimendus
1900 1233 1999 1290 est).
2062 1235 2190 1278 Adde
2233 1235 2353 1279 loca:

237 1311 300 1351 pr.
334 1297 521 1340 Granat.
555 1297 612 1338 ad
645 1296 711 1337 La
743 1295 863 1337 Mala
897 1299 941 1337 et
973 1294 1236 1348 aquaeduct.
1264 1292 1536 1335 Alhambrae
1569 1292 1795 1350 (WrNKL.!
1831 1291 1987 1349 1873),
2027 1306 2092 1347 pr.
2126 1293 2355 1350 Lanjaron

237 1355 461 1412 (ment
495 1356 638 1398 HACK.
674 1354 817 1409 1876).

384 1428 481 1471 224.
514 1427 743 1483 Aqrostis
776 1427 1083 1470 adscendens
1115 1426 1226 1468 Len.
1266 1425 1482 1468 Provenit
1503 1437 1674 1478 quoque
1696 1425 1743 1467 in
1768 1425 2001 1481 Aragonia
2022 1424 2246 1481 inferiore,
2279 1427 2357 1470 ubi

240 1488 350 1530 satis
382 1487 588 1540 frequens
622 1487 677 1542 (V.
712 1500 746 1529 c.
779 1500 842 1540 pr.
878 1486 1112 1539 Chiprana,
1147 1484 1336 1539 Losc.!).

385 1560 482 1603 227.
517 1559 746 1615 Aqrostis
791 1560 1075 1603 Castellana
1122 1559 1271 1601 B01ss.
1317 1558 1463 1601 REUT.
1514 1557 1764 1600 Secundum
1806 1557 2000 1601 ΗΑΟΚΕῙ3
2043 1557 2204 1613 (Gatal.
2248 1560 2353 1602 rais.

237 1621 434 1664 Gramin.
459 1620 645 1674 Portug.
679 1633 719 1672 p.
748 1619 840 1673 14⁸.)
874 1619 930 1660 ad
962 1618 1077 1660 hanc
1109 1618 1298 1671 speciem
1329 1616 1451 1658 haud
1475 1617 1623 1659 minus
1650 1616 1985 1671 polymorpham
2015 1630 2149 1670 quam
2173 1619 2227 1661 A.
2250 1618 2355 1661 alba

240 1680 404 1732 species
436 1691 605 1731 quoque
639 1678 718 1720 sub
751 1691 868 1720 num.
911 1677 995 1719 228
1037 1680 1081 1719 et
1114 1675 1199 1717 229
1240 1678 1554 1730 enumeratae,
1597 1676 1625 1718 i.
1670 1689 1706 1718 e.
1750 1677 1803 1718 A.
1843 1675 2161 1730 hispanica
2203 1677 2354 1721 BOISs.

237 1738 381 1781 Ram.
416 1740 461 1779 et
492 1738 543 1779 A.
578 1736 931 1779 olivetorum
962 1735 1046 1778 GR.
1067 1736 1211 1778 Gonu.
1242 1734 1470 1777 ducendae
1494 1737 1539 1776 et
1560 1732 1731 1777 formae
1753 1734 1885 1790 hujus
1908 1735 2071 1789 speciei
2092 1748 2354 1780 numerosae

236 1797 411 1838 ratione
445 1798 654 1848 sequente
688 1795 985 1848 disponendae
1019 1798 1143 1836 sunt:

312 1869 351 1898 a.
385 1855 641 1910 genuina
672 1855 818 1896 HAGK.
863 1853 931 1909 (A.
966 1853 1224 1896 Castellana
1255 1852 1405 1895 B01ss.
1440 1851 1585 1895 REUT.
1631 1864 1765 1894 sensu
1797 1851 2054 1908 strictiore).
2117 1852 2257 1896 Palea
2287 1854 2355 1895 in-

384 1912 519 1955 ferior
549 1913 671 1966 apice
703 1912 899 1955 bisetosa
932 1912 1057 1968 (setis
1089 1912 1115 1953 4
1137 1925 1225 1953 mm
1257 1911 1316 1966 1.),
1350 1910 1448 1953 basi
1479 1910 1671 1964 pilorum
1701 1910 1983 1964 perbrevium
2013 1910 2230 1954 fasciculo
2260 1925 2356 1955 mu-

383 1973 482 2014 nita
514 1977 559 2013 et
592 1984 724 2025 supra
748 1971 878 2014 basin
899 1972 1087 2014 aristam
1108 1970 1415 2026 geniculatam
1437 1969 1567 2023 palea
1589 1968 1723 2023 duplo
1746 1969 1995 2025 longiorem
2015 1969 2178 2014 ferens.
2227 1971 2356 2014 Folia

385 2044 444 2072 an
477 2033 594 2077 usta.
627 2030 775 2083 plana.

443 2044 656 2131 {bundat
687 2089 734 2131 in
765 2101 885 2142 prov.
910 2088 1163 2132 Gaditanae
1185 2088 1368 2143 regione
1394 2086 1524 2130 infer.
1550 2090 1596 2129 et
1616 2089 1754 2130 mont.
1790 2086 1922 2143 (PER.
1946 2086 2105 2144 LARA).
2138 2088 2357 2132 Provenit

384 2161 553 2200 quoque
575 2148 622 2189 in
645 2148 842 2203 Aragon.
867 2152 1006 2190 austr.
1032 2146 1197 2202 (Sierra
1229 2147 1283 2189 de
1305 2146 1587 2201 Albarracin,
1621 2145 1736 2201 PAU)
1771 2149 1816 2188 et
1837 2146 1886 2187 in
1908 2146 2074 2190 Gallec.
2098 2146 2354 2204 (SEOANED.

312 2206 350 2248 b.
383 2207 568 2248 mixta
599 2207 744 2249 HACK.
778 2206 996 2248 Panicula
1029 2219 1051 2248 e
1085 2205 1265 2259 spiculis
1289 2206 1494 2248 aristatis
1527 2210 1572 2248 et
1602 2204 1782 2247 muticis
1806 2205 2064 2259 composita.
2115 2205 2173 2248 In
2193 2206 2355 2260 Hispa-

382 2266 458 2306 nia
489 2265 686 2307 nondum
718 2265 953 2307 observata
987 2277 1081 2307 esse
1114 2265 1305 2307 videtur.

310 2336 345 2366 c.
382 2322 695 2377 hispanica
728 2323 892 2380 (Borss.
928 2323 1072 2367 REUT.
1106 2328 1158 2366 ut
1190 2322 1337 2379 spec).
1395 2322 1534 2364 Palea
1565 2320 1753 2364 inferior
1783 2324 2166 2376 truncato-erosa,
2207 2323 2353 2366 medio

385 2382 514 2424 dorso
547 2382 690 2425 arista
720 2385 844 2425 recta
874 2382 1004 2436 palea
1035 2383 1134 2436 ipsa
1164 2382 1241 2424 vix
1272 2381 1474 2436 longiore
1505 2381 1694 2423 munita.
1757 2380 1914 2423 Arista
1940 2381 2168 2424 interdum
2189 2381 2352 2426 deficit.

442 2441 496 2483 In
527 2454 647 2494 prov.
681 2441 911 2484 Gaditana
943 2454 1043 2483 cum
1073 2440 1381 2494 praecedente,
1417 2439 1493 2482 sed
1524 2439 1672 2481 minus
1702 2438 1912 2492 frequens
1945 2439 2074 2491 (PER.
2107 2440 2268 2496 LARA).

312 2498 352 2542 d.
384 2500 605 2541 mutica
635 2500 779 2543 HACK.
824 2499 1027 2553 Spiculae
1051 2512 1202 2542 omnes
1234 2499 1523 2542 exaristatae.
1568 2497 1708 2540 Palea
1729 2497 1918 2540 inferior
1939 2499 2170 2554 trinervia,
2203 2500 2354 2542 nervis

386 2558 508 2610 apice
547 2559 595 2600 in
639 2561 758 2601 setas
790 2558 1024 2612 perbreves
1055 2559 1283 2601 interdum
1313 2558 1390 2600 vix
1421 2557 1684 2610 conspicuas
1715 2557 2079 2613 excurrentibus,
2123 2558 2182 2600 ad
2223 2557 2354 2602 basin

386 2615 815 2670 fasciculato-pilosa
848 2621 928 2659 aut
959 2618 1093 2660 nuda.
1141 2617 1306 2660 Variat
1337 2616 1484 2670 quoad
1514 2615 1648 2657 folia:

432 2693 471 2718 α.
504 2675 703 2728 planis
712 2675 855 2729 clia,
898 2675 1019 2719 foliis
1062 2679 1256 2731 anguste
1299 2673 1729 2729 lineari-subulatis,
1770 2673 1919 2727 planis
1951 2673 2021 2731 (A.
2055 2675 2355 2730 tricuspidata

502 2734 646 2776 HAcK.
680 2734 871 2778 Oesterr.
905 2734 994 2777 bot.
1029 2734 1244 2777 Zeitschr.
1280 2732 1407 2788 1877,
1440 2746 1510 2776 no.
1544 2732 1601 2788 2),

431 2799 472 2845 β.
505 2791 943 2846 heterophylla,
976 2793 1097 2836 foliis
1119 2792 1407 2836 inferioribus
1428 2792 1588 2845 planis,
1613 2790 1915 2845 superioribus
1937 2791 2202 2846 convolutis,
2237 2795 2354 2837 seta-

505 2851 593 2892 ceis
625 2850 694 2905 (A.
729 2852 992 2894 olivetorum
1023 2852 1107 2895 GR.
1142 2850 1307 2906 Gonu.)
1340 2854 1386 2893 et

434 2926 474 2964 y.
509 2908 657 2951 setif
668 2909 810 2964 olia,
843 2910 1008 2953 solibus
1032 2910 1235 2953 omnibus
1257 2909 1522 2964 convolutis,
1547 2908 1749 2963 setaceis‚
1772 2906 1869 2951 fere
1891 2908 2158 2963 capillaceis.
2191 2910 2354 2953 Forma

505 2980 667 3022 macra,
701 2969 909 3021 panicula
941 2970 1257 3023 depauperata.

390 3025 552 3067 Forma
583 3043 623 3067 α.
656 3039 789 3080 prope
812 3028 1063 3070 Granatam
1094 3026 1279 3082 (HACK.)
1313 3031 1447 3079 atque
1478 3026 1526 3068 in
1549 3025 1698 3068 Sierra
1719 3024 1904 3068 Nevada
1935 3026 2012 3082 (ad
2033 3025 2075 3070 S.
2100 3026 2353 3081 Geronimo,

303 3081 507 3125 WINKL.!
541 3083 683 3139 1876),
717 3086 764 3127 in
797 3085 943 3128 Sierra
975 3086 1028 3128 de
1060 3086 1232 3139 Ronda,
1267 3086 1307 3129 S.
1342 3085 1395 3127 de
1427 3083 1559 3140 Mijas
1591 3086 1637 3126 et
1667 3097 1731 3137 pr.
1755 3083 1993 3139 Algeciras
2020 3085 2353 3141 (anmwnon),

304 3149 344 3194 β.
376 3141 425 3182 in
456 3141 621 3185 Gallec.
656 3142 802 3199 (LGE.)
832 3147 879 3186 et
910 3145 1052 3188 Catal.
1087 3144 1208 3201 (inde
1239 3158 1267 3186 a
1299 3144 1478 3187 Gerena
1511 3142 1568 3185 ad
1599 3142 1771 3198 Sagaro
1804 3146 1850 3185 et
1882 3143 1999 3200 Olot,
2030 3144 2201 3200 Vim.)
2237 3143 2355 3186 lecta

304 3198 406 3253 fuit,
439 3217 480 3255 γ.
515 3213 569 3242 ex
599 3201 818 3256 Hispania
849 3203 1047 3246 nondum
1076 3203 1289 3246 innotuit.

393 3272 444 3315 A.
480 3271 737 3316 Castellana
768 3288 845 3328 per
876 3279 1020 3319 totam
1050 3276 1334 3330 peninsulam
1365 3275 1610 3319 distributa
1639 3275 1830 3319 videtur.
1894 3276 2111 3320 Provenit
2141 3276 2280 3319 etiam
2308 3276 2357 3322 in

306 3330 580 3373 Mauritania
613 3331 672 3388 (J.
704 3333 849 3389 BALL)
881 3337 926 3376 et
955 3336 1094 3377 Istria
1125 3334 1335 3391 (Falern).

394 3403 492 3446 224.
525 3404 754 3459 Agrestis
787 3407 1094 3451 adscendens
1125 3409 1237 3451 Len.
1290 3408 1509 3451 Provenit
1539 3408 1652 3450 satis
1679 3406 1820 3461 frequ.
1853 3408 1902 3451 in
1933 3408 2132 3464 Aragon.
2165 3408 2358 3452 australi

246 3461 329 3518 (pr.
363 3461 598 3517 Chiprana,
631 3464 819 3520 Losc.!).
880 3467 934 3508 In
966 3466 1109 3510 Catal.
1144 3480 1179 3510 c.
1213 3466 1254 3510 S.
1286 3466 1448 3520 Hilari,
1481 3465 1724 3510 Guillerias
1756 3467 1953 3523 (Vna).

394 3533 492 3578 225.
524 3535 754 3590 Aqrostis
785 3537 1088 3582 verticillata
1118 3539 1249 3582 Vim..
1296 3539 1444 3582 Adde:
1489 3551 1583 3581 var.
1627 3539 2017 3594 acutiglumis
2054 3539 2204 3584 CosrA
2233 3539 2385 3594 Supl.‘

248 3604 290 3646 p.
322 3591 398 3634 82!
431 3593 544 3649 (sine
576 3593 745 3650 desen).
791 3595 983 3639 Videtur
1013 3598 1212 3640 identica
1243 3611 1344 3640 cum
1373 3599 1426 3640 A.
1460 3597 1666 3640 adscend.
1701 3596 1809 3640 Len.
2133 3620 2144 3630 ·

395 3651 451 3693 In
482 3651 626 3695 Catal.
659 3653 888 3708 (Comarca
920 3655 973 3697 de
1004 3656 1194 3709 Torello,
1227 3657 1392 3709 Cosm,
1423 3669 1488 3710 pr.
1513 3654 1757 3711 Cadaques,
1781 3655 1962 3713 Taum).
1994 3655 2229 3700 Indicatur
2249 3669 2355 3712 quo-

309 3721 391 3762 que
422 3709 471 3751 in
500 3711 698 3766 Aragon.
730 3710 942 3755 inferiore
974 3717 1019 3756 et
1049 3727 1113 3767 pr.
1146 3715 1296 3758 Fiscal
1328 3713 1508 3771 (Num).
1542 3714 1601 3771 (n.
1635 3714 1708 3770 v.).
