2455 4033
1235 173 1355 227 152

377 324 503 366 2313.
537 323 730 379 Nepeta
772 323 1091 378 granatensis
1130 325 1278 366 B01ss.
1320 323 1502 378 (exclus.
1544 336 1638 377 syn.
1677 323 1729 367 N.
1763 323 2131 368 multibracteata
2168 324 2345 369 Hrree.

230 382 345 438 LK).
409 383 624 426 Provenit
664 395 836 436 quoque
875 382 923 423 in
962 395 1102 437 regno
1134 382 1274 424 Murc.
1309 381 1476 438 (Sierra
1510 382 1562 424 de
1595 382 1768 437 Segura
1799 381 1847 426 in
1877 384 2075 437 98801118,
2119 383 2197 426 alt.
2231 383 2349 428 1300

231 440 406 484 —1500
425 455 481 495 m,
516 441 677 485 PORTA
709 444 754 483 et
785 440 917 493 Rmo,
953 439 1098 495 1890).

376 513 502 556 2316.
536 513 726 567 Nepeta
758 512 1022 566 Nepetella
1055 512 1140 568 (L.)
1174 513 1308 556 KocH
1340 513 1510 555 emend.

419 581 459 626 β.
493 571 836 614 lanceolata
859 571 963 614 WK.
1017 571 1171 614 Etiam
1201 570 1249 613 in
1282 571 1431 614 Sierra
1463 571 1517 614 de
1541 572 1735 615 Sacafiet
1756 572 1856 616 Val.
1890 572 2164 629 (REVERGH.!
2197 572 2344 629 1891).

418 648 458 687 y.
492 629 870 683 leucophylla
902 630 1013 672 LGE.
1046 630 1184 684 ined.,
1224 630 1352 673 caule
1384 629 1592 684 foliisque
1624 630 2039 674 niveo-tomentosis
2073 631 2183 687 (exc.
2216 632 2345 675 indu-

490 691 640 731 mento
674 702 700 730 a
732 701 825 731 var.
859 696 899 740 β.
934 689 1010 730 vix
1042 687 1227 745 differt).

373 748 427 789 In
459 760 597 846 reggng
630 746 810 789 Valent.
845 746 925 802 (pr.
959 746 1169 790 Alicante
1200 748 1248 789 in
1281 747 1433 802 aridis,
1467 748 1704 793 REVERCH.
1739 746 1875 804 1889,
1910 761 1998 791 exs.
2032 761 2075 790 n.
2108 747 2218 792 443!
2251 748 2345 791 Kn-

286 807 468 848 SINSKY!
502 807 527 847 1
592 805 648 861 9).

372 878 497 921 2318.
532 877 723 932 Nepeta
756 878 1097 933 amethystina
1129 880 1268 922 DESF.
1333 878 1563 923 Observ.
1612 880 1683 922 Ex
1715 879 2101 923 observationibus
2140 880 2192 924 cl.
2216 881 2346 925 Rour

224 938 299 991 qui
329 938 376 979 in
408 937 714 990 exploratione
746 937 967 980 montium
995 938 1143 981 Sierra
1176 938 1229 980 de
1252 937 1450 981 Maimon
1484 938 1565 994 (pr.
1584 938 1909 994 Velez-Rubio)
1942 943 1988 981 et
2010 938 2159 982 Sierra
2190 938 2245 982 de
2277 939 2344 982 las

226 995 393 1038 Cabras
425 996 506 1052 (pr.
529 995 699 1052 Hellin)
732 996 783 1038 N.
808 996 1158 1050 amethystinam
1188 996 1386 1051 typicam
1419 996 1584 1040 sensim
1606 997 1801 1040 transire
1823 997 1938 1040 vidit
1959 998 2008 1039 in
2028 996 2080 1039 N.
2103 998 2345 1041 murcicam

225 1054 357 1097 Gom.
392 1057 437 1097 et
468 1055 519 1096 N.
543 1054 756 1097 Boissieri
778 1054 896 1109 NVK„
931 1055 1049 1098 clare
1081 1058 1221 1110 patet,
1254 1056 1335 1099 has
1367 1055 1551 1098 ultimas
1585 1057 1752 1109 species
1775 1055 1956 1112 ejusque
1978 1057 2254 1100 variationes
2279 1057 2346 1099 nil

222 1113 311 1155 nisi
351 1113 597 1155 varietates
640 1127 718 1167 pro
760 1113 937 1157 ratione
978 1113 1237 1157 altitudinis
1278 1117 1412 1158 natas
1455 1127 1572 1168 esse,
1617 1115 1664 1157 id
1695 1115 1812 1168 quod
1841 1114 1936 1169 ipse
1964 1114 2059 1171 jam
2090 1115 2344 1170 suspicatus

222 1185 331 1214 sum.
385 1171 681 1224 Quamobrem
711 1185 830 1215 num.
855 1172 970 1214 2319
993 1177 1038 1215 et
1061 1173 1176 1215 2320
1208 1173 1385 1216 delendi
1417 1176 1536 1217 sunt.
1590 1174 1720 1217 Rom*
1743 1173 1867 1231 (Exc.
1890 1175 1949 1227 Π,
1982 1187 2022 1228 p.
2046 1174 2144 1231 801)
2176 1173 2343 1217 formas

219 1231 272 1273 N.
306 1230 634 1285 amethystinae
667 1230 747 1274 hoc
778 1232 907 1274 modo
941 1232 1184 1286 disposuit:

410 1313 450 1339 α.
485 1297 743 1352 genuina
775 1296 881 1340 WK.
916 1297 984 1353 (N.
1019 1297 1323 1351 amethystina
1356 1298 1509 1351 Dssr..
1543 1299 1594 1341 N.
1618 1297 1853 1352 Nepetella
1880 1298 2008 1342 Coss.
2041 1311 2111 1353 ap.
2134 1299 2342 1355 13011110.)

484 1356 611 1398 Adde
644 1356 764 1398 loca:
807 1356 956 1399 Sierra
990 1357 1042 1399 de
1074 1357 1273 1399 Maimon
1306 1359 1351 1399 et
1383 1357 1424 1400 S.
1459 1357 1513 1400 de
1546 1358 1613 1399 las
1646 1356 1833 1412 Cabras,
1876 1370 1910 1400 c.
1944 1356 2126 1400 variett.
2160 1359 2197 1401 d‘.
2230 1362 2277 1402 et
2310 1375 2341 1401 ε.

485 1414 664 1470 (Rom),
698 1428 762 1469 pr.
796 1416 1006 1458 Alicante
1038 1415 1085 1458 in
1117 1419 1268 1458 monte
1300 1415 1371 1458 del
1405 1415 1591 1459 Castillo
1626 1420 1671 1458 et
1705 1417 1854 1459 Sierra
1887 1416 1940 1459 de
1974 1416 2015 1459 S.
2048 1415 2207 1461 Julian
2240 1417 2343 1474 (LA-

485 1475 637 1516 cAITA!
674 1473 800 1527 1884,
835 1474 1095 1517 KUSINSKYI
1131 1474 1257 1527 1889,
1291 1474 1554 1518 ihm-moa!
1589 1474 1734 1530 1890),
1768 1476 1997 1518 Barranco
2030 1475 2102 1518 del
2134 1475 2344 1519 Caballar

484 1535 530 1574 et
561 1533 609 1574 in
642 1533 791 1575 Sierra
824 1533 894 1576 del
928 1532 1045 1575 Cabo
1080 1534 1133 1576 de
1167 1533 1287 1576 Grata
1321 1533 1471 1589 (Hor,
1505 1534 1647 1577 PORT.
1680 1535 1810 1587 R1c0,
1846 1533 1972 1586 1879,
2007 1547 2096 1577 exs.
2131 1548 2173 1577 n.
2197 1534 2341 1591 8051).

482 1604 616 1645 supra
656 1605 759 1647 pag.
794 1591 1075 1635 Lonabadux
1105 1605 1228 1647 prov.
1261 1592 1427 1635 Almer.
1462 1592 1640 1648 (PORTA
1672 1596 1717 1636 et
1748 1593 1884 1646 Rmo,
1921 1592 2064 1648 1890).
2128 1594 2343 1637 Provenit

484 1650 621 1692 etiam
653 1649 700 1692 in
733 1651 942 1694 Serrania
976 1651 1029 1694 de
1063 1650 1242 1694 Ouenca
1275 1651 1355 1706 (pr.
1390 1650 1654 1706 Casapolau,
1688 1651 1839 1707 Dum).

407 1716 448 1762 β.
482 1710 841 1752 nevadensis
873 1711 1003 1753 Rom?
1035 1711 1104 1766 (N.
1137 1709 1352 1753 Boissieri
1385 1723 1477 1753 var.
1512 1714 1698 1753 crenata
1730 1710 1868 1767 WK.).

406 1784 448 1823 y.
481 1767 776 1811 Boissieri
817 1770 949 1812 Rour
993 1769 1061 1824 (N.
1105 1769 1338 1822 Nepetella
1381 1769 1530 1812 B01ss.
1571 1770 1682 1822 Voy.
1726 1769 1817 1812 bot.
1861 1770 1987 1823 Esp.,
2034 1770 2086 1812 N.
2127 1769 2342 1813 Boissieri

479 1834 519 1880 β.
553 1826 771 1869 laciniata
803 1827 940 1884 WK.).
994 1829 1048 1870 In
1082 1828 1121 1871 S.
1146 1827 1331 1870 Nevada
1363 1841 1502 1881 usque
1535 1828 1593 1870 ad
1626 1841 1793 1871 cacum.
1817 1828 2084 1871 Mulahacen
2116 1828 2145 1870 i.
2169 1842 2205 1871 0.
2239 1828 2341 1872 circ.

479 1885 597 1927 3700
617 1899 660 1928 111
693 1886 928 1929 adscendit
961 1887 1182 1942 (W1NK1..!
1225 1886 1366 1942 1873).

407 1945 443 1986 ὁ.
478 1943 840 1987 intermedia
872 1946 1002 1988 Rom·
1035 1945 1103 2001 (N.
1137 1946 1335 1988 murcica
1368 1945 1533 2001 011111.)

411 2018 442 2045 ε.
477 2003 681 2057 alpina
713 2005 818 2047 WK.
853 2003 922 2060 (N.
957 2004 1261 2058 amethystina
1293 2013 1333 2058 β.
1369 2004 1521 2058 alpina
1554 2004 1691 2059 WK.)

362 2067 594 2111 Observ.
656 2070 824 2112 Planta
867 2071 914 2112 in
955 2073 1107 2113 monte
1153 2069 1349 2113 Urchillo
1392 2084 1455 2124 pr.
1492 2069 1705 2113 Orihuela
1748 2085 1775 2113 a
1818 2071 1927 2114 LAG.
1961 2070 2252 2126 1111110818,οῢ
2292 2072 2339 2114 in

271 2139 390 2169 num.
416 2127 529 2170 2317
563 2141 589 2170 8
620 2142 690 2171 1110
723 2129 780 2170 8(1
811 2130 862 2172 N.
888 2142 1214 2185 aragonensem
1236 2130 1382 2172 LAMK.
1417 2129 1563 2172 relata
1594 2129 1888 2184 probabiliter
1921 2130 1978 2172 ad
2000 2129 2052 2172 N.
2076 2130 2338 2185 amethysti-

271 2199 376 2228 nam
407 2188 616 2240 pertinet.

361 2259 487 2301 2325.
521 2259 751 2303 Lamium
784 2260 1150 2315 amplexicaule
1172 2262 1223 2304 L.
1277 2262 1487 2304 Formam
1518 2260 1826 2304 luxuriantem
1847 2262 2197 2316 macrophyllam
2217 2261 2339 2305 foliis

211 2316 441 2361 floralibus
481 2319 759 2372 caulinisque
802 2320 1233 2373 purpurascentibus
1275 2320 1322 2362 in
1364 2333 1503 2376 regno
1537 2320 1638 2363 Val.
1671 2321 1719 2363 in
1751 2321 1900 2364 Sierra
1938 2322 1992 2364 de
2025 2322 2219 2364 Sacanet
2249 2321 2337 2377 leg.

211 2377 520 2420 REVERCHON!
555 2377 718 2434 (1891).

401 2445 442 2490 β.
476 2436 607 2480 01811
623 2437 685 2479 (10
700 2437 821 2479 stin
832 2451 916 2480 um
939 2437 1081 2480 chss.
1130 2437 1347 2480 Provenit
1370 2451 1542 2492 quoque
1563 2438 1611 2480 111
1632 2451 1772 2493 regno
1790 2437 1971 2482 Valent.
1991 2438 2044 2494 (c.
2064 2438 2104 2481 S.
2123 2438 2335 2494 Agustin,

474 2495 733 2549 Torrecilla,
768 2496 824 2538 El
857 2497 972 2538 Toro
1008 2500 1053 2539 et
1086 2496 1208 2550 alibi,
1243 2497 1373 2553 PAU).

362 2567 489 2610 2326.
522 2568 751 2611 Lamium
782 2568 997 2612 incisum
1018 2569 1090 2611 W.
1147 2570 1354 2613 Occurrit
1387 2571 1524 2613 etiam
1555 2570 1603 2612 in
1634 2582 1773 2625 regno
1796 2569 1896 2613 Val.
1922 2570 2088 2626 (Sierra
2122 2571 2176 2614 de
2197 2571 2338 2625 Espa·

214 2627 316 2681 dan,
350 2627 478 2683 PAU).

360 2699 487 2742 2328.
520 2699 748 2743 Lamium
779 2702 1090 2745 maculatum
1122 2702 1171 2744 L.
1237 2701 1467 2745 Observ.
1524 2702 1616 2744 Sec.
1651 2701 1703 2744 cl.
1737 2702 2158 2745 TIMBAL-LAGRAVE
2198 2702 2333 2760 (Bull.

210 2771 296 2801 soc.
320 2758 410 2801 bot.
434 2760 506 2801 Fr.
533 2759 660 2813 1887,
693 2773 734 2814 p.
759 2760 856 2815 901)
888 2759 1033 2802 forma
1071 2761 1348 2816 „maculata“
1385 2760 1518 2816 hujus
1551 2761 1712 2814 speciei
1739 2763 1808 2803 est
1838 2764 1987 2804 status
2009 2761 2334 2817 teratologicus

209 2818 259 2859 L.
292 2816 518 2860 hirsuti
557 2818 703 2860 LAMK.
766 2818 1066 2862 Nihilominus
1107 2833 1269 2862 nomen
1311 2819 1505 2862 Linnaei
1546 2819 1646 2874 lege
1687 2819 1939 2873 prioritatis
1981 2820 2336 2863 conservandum

210 2888 306 2919 esse
337 2875 447 2918 mihi
477 2876 669 2918 videtur.
719 2877 859 2920 Simul
892 2877 1009 2920 idem
1041 2881 1199 2920 auctor
1222 2878 1250 2920 1.
1275 2892 1309 2921 0.
1334 2879 1643 2921 demonstrare
1666 2878 1832 2931 studet,
1866 2879 1916 2921 L.
1942 2878 2181 2921 stolonis
2188 2892 2336 2922 erum

210 2935 319 2977 LAP.
354 2935 544 2988 speciem
576 2948 671 2978 0880
705 2937 994 2990 compositam
1026 2950 1048 2979 e
1080 2938 1130 2979 L.
1153 2937 1380 2979 maculato
1414 2936 1622 2994 (hirsuto)
1656 2940 1702 2979 et
1733 2937 1783 2979 L.
1808 2937 2098 2993 laevigato
2128 2937 2177 2979 L.
2211 2938 2333 2992 Spec.

210 2993 268 3047 pl.
291 2992 378 3035 808
401 2993 468 3049 (L.
494 2993 658 3036 Orvala
683 2995 858 3038 Pomm.
883 3008 972 3037 non
993 2995 1076 3049 L).
1130 2996 1167 3038 E
1201 2996 1427 3038 contrario
1462 2995 1513 3037 cl.
1537 2995 1667 3038 Rom(
1688 2995 1738 3037 L.
1761 2995 2042 3052 laevigatam
2071 2997 2120 3038 in
2147 2996 2332 3040 montib.

210 3052 479 3105 Pyrenaeor.
515 3055 559 3095 et
594 3051 822 3096 Corbieres
865 3057 1138 3096 crescentem
1179 3054 1244 3096 nil
1286 3055 1375 3096 nisi
1406 3054 1676 3096 varietatem
1707 3055 1757 3096 L.
1790 3054 2007 3098 maculati
2039 3068 2135 3097 esse
2167 3058 2332 3098 censet.

212 3109 336 3162 Quae
367 3123 503 3164 quum
534 3112 671 3154 etiam
703 3110 750 3153 in
782 3112 943 3166 Pyren.
977 3113 1150 3166 hispan.
1186 3113 1251 3169 (in
1282 3113 1401 3157 valle
1433 3112 1576 3168 Aran)
1608 3114 1862 3168 proveniet,
1906 3112 2187 3156 differentias
2219 3127 2246 3156 a
2279 3113 2333 3156 cl.

213 3168 393 3212 TIMBAL
425 3169 453 3211 1.
488 3182 522 3211 0.
557 3169 723 3213 81181388
754 3170 795 3212 11.
830 3171 858 3213 l.
892 3172 1057 3214 addere
1089 3171 1214 3214 volo:

357 3228 408 3271 L.
432 3228 592 3271 laevi
607 3232 806 3283 gatum
828 3229 877 3271 L.
926 3229 1091 3272 Differt
1114 3231 1212 3273 aL.
1236 3229 1463 3278 maculato
1497 3228 1700 3272 caulibus
1734 3229 1971 3273 altioribus
1994 3229 2159 3287 (6-10
2175 3230 2249 3273 dm
2269 3230 2331 3287 l.),

212 3285 413 3341 hirsutis,
445 3286 780 3330 verticillastris
814 3287 982 3342 spicam
1013 3302 1215 3344 grossam
1246 3288 1323 3331 vix
1353 3289 1655 3341 interruptam
1684 3288 1998 3342 formantibus,
2031 3288 2213 3332 floribus
2233 3302 2332 3343 per-

211 3345 388 3400 magnis
420 3346 601 3399 erectis,
634 3345 800 3399 pallide
831 3348 983 3401 roseis,
1018 3347 1185 3390 corolla
1218 3350 1349 3390 extus
1380 3347 1569 3400 hirsuta,
1604 3347 1740 3400 calyc.
1775 3347 1952 3390 laciniis
1983 3348 2174 3391 setaceis
2204 3361 2331 3402 prae-

212 3403 360 3458 longis
393 3403 582 3458 ciliatis;
613 3403 736 3446 foliis
768 3405 888 3458 latis,
922 3405 1020 3448 basi
1053 3406 1262 3459 cordatis,
1295 3405 1429 3460 longe
1454 3405 1719 3459 attenuatis,
1755 3405 1918 3448 caulin.
1941 3406 2199 3460 minoribus,
2232 3419 2331 3460 pro-

210 3460 348 3504 funde
381 3462 593 3516 dentatis,
629 3463 832 3506 omnibus
864 3463 1179 3518 immaculatis,
1213 3464 1353 3506 floral.
1389 3477 1524 3518 supra
1556 3462 1841 3520 ferrugineis.

358 3534 486 3577 2330.
519 3535 748 3578 Lamium
779 3536 1067 3580 flexuosum
1099 3538 1212 3580 TEN.
1265 3536 1481 3579 Provenit
1513 3537 1651 3579 etiam
1682 3538 1730 3579 in
1760 3550 1883 3591 prov.
1906 3536 2058 3581 Gadit.
2093 3536 2174 3593 (pr.
2197 3538 2331 3582 Jerez

212 3593 259 3634 in
291 3592 439 3636 Sierra
472 3594 544 3637 del
575 3594 723 3649 Aljibe
755 3599 801 3637 et
832 3608 896 3649 pr.
932 3595 1091 3638 Tarifa
1122 3597 1170 3638 in
1201 3595 1379 3638 Dehesa
1411 3594 1483 3637 del
1514 3595 1783 3651 Pedregoso,
1816 3595 1929 3639 PER.
1962 3595 2122 3652 LARA).

358 3665 485 3709 2337.
521 3665 785 3721 Galeopsis
819 3667 973 3710 dubia
1003 3668 1173 3710 LEERS.
1207 3667 1277 3720 (G.
1312 3666 1574 3709 ochroleuca
1606 3667 1788 3723 LAMK.).
1850 3666 2021 3711 Crescit
2058 3667 2204 3711 forma
2233 3670 2326 3722 typ.

211 3725 348 3836 ἓξὲξ
370 3724 601 3840 ὲῐὲΜίέ8ξ81.
635 3726 687 3782 (0.
720 3724 931 3780 Monsoli,
966 3725 1216 3780 Susqueda‚
1251 3726 1392 3769 Santa
1424 3725 1617 3780 Coloma,
1650 3725 1812 3780 VAYR.,
1845 3725 1886 3768 S.
1919 3726 2108 3769 Llorens
2139 3726 2193 3769 de
2226 3724 2328 3769 Cer-
