2455 4033
1104 82 1225 138 149

359 238 541 281 veolens
573 251 666 280 var.
701 236 870 293 exigua
901 238 1042 291 Coss,
1077 236 1170 280 Cal.
1204 237 1503 280 rotundifolia
1535 255 1576 294 γ.
1610 239 1776 294 exigua
1799 239 1904 282 WK.
1938 240 2095 282 Prodr.
2129 240 2156 283 1.
2182 253 2231 293 0.,

361 297 560 351 Thymus
602 309 935 351 purpurascens
980 297 1130 350 Pom,
1176 296 1256 339 Th.
1290 297 1546 340 Patavinus
1578 297 1721 341 DESF.
1761 311 1852 341 non
1891 298 1975 354 L).
2038 298 2232 342 Humilis

359 369 399 398 v.
434 368 667 411 pygmaea,
702 355 908 398 caulibus
941 354 1218 410 simplicibus
1250 369 1289 398 v.
1313 357 1631 399 ramosissimis
1662 356 1850 412 foliosis,
1883 356 2006 400 foliis
2030 357 2232 401 ovalibus

359 429 400 458 v.
435 414 757 470 subrhombeis,
793 414 950 458 obtuse
985 415 1183 458 crenatis
1215 427 1255 457 v.
1291 415 1696 471 subintegerrimis,
1731 416 1892 460 subtus
1924 429 2098 472 semper
2129 430 2232 471 pur-

357 474 521 528 pureis,
554 473 739 517 floribus
770 473 1030 517 minoribus.

236 533 293 576 In
323 532 453 589 regni
485 532 675 576 Granat.
709 532 894 589 regione
927 532 1082 587 alpina
1114 532 1173 575 ad
1204 531 1284 575 alt.
1319 531 1525 577 2-3000
1546 547 1602 577 m.

239 606 367 650 2277.
402 605 725 650 Calamintha
756 605 931 661 alpina
961 607 1076 651 Bm.
1139 605 1289 649 Adde:

281 684 323 723 y.
357 666 541 708 minor
564 666 669 708 WK.
723 666 874 709 Dense
897 666 1162 719 caespitosa,
1197 664 1403 708 caulibus
1425 664 1636 710 brevibus
1658 667 2066 723 procumbentibus,
2100 680 2232 723 saepe

358 725 406 768 in
440 724 591 767 orbem
623 725 847 779 expansis,
881 723 1005 767 foliis
1037 724 1310 778 floribusque
1342 724 1606 768 minoribus.

235 784 290 828 In
322 784 522 840 Aragon.
557 783 775 827 australis
805 784 992 840 regione
1023 786 1162 826 mont.
1197 784 1263 840 (in
1294 783 1525 827 montibus
1557 798 1622 838 pr.
1657 785 1908 840 Tronchon,
1942 785 2231 840 Bronchales,

147 842 305 888 Losc.!
340 844 490 887 Sierra
523 843 578 885 de
610 843 900 886 Javalambre
933 843 1013 886 alt.
1049 842 1166 886 1900
1185 856 1242 896 m,
1276 842 1399 885 PAUl
1435 841 1580 899 1889).

238 916 367 960 2279.
402 916 728 960 Calamintha
760 915 1114 971 clinopodium
1145 917 1259 959 ΒΤΗ.
1323 916 1474 959 Adde:

280 994 322 1034 y.
355 975 790 1031 pterocephala
822 976 935 1018 PER.
961 975 1091 1019 LARA
1123 975 1152 1019 1.
1177 989 1212 1018 c.
1235 989 1276 1030 p.
1301 974 1410 1019 2711
1462 974 1660 1019 Obscure
1692 977 1856 1031 virens,
1890 977 2013 1021 foliis
2045 980 2232 1022 serratis

356 1035 517 1079 subtus
549 1036 761 1090 adpresse
794 1034 1108 1088 villosissimis,
1144 1034 1333 1089 cymulis
1365 1036 1414 1077 in
1448 1034 1698 1089 capitulum
1720 1036 1955 1092 globosum
1978 1038 2113 1082 dense
2136 1038 2232 1094 plu-

353 1108 527 1138 mosum
550 1095 791 1150 congestis,
821 1094 1050 1148 calycibus
1074 1093 1250 1136 10--12
1268 1108 1357 1137 111111
1378 1094 1420 1149 1.,
1444 1094 1667 1148 profunde
1689 1095 1935 1151 bilabiatis,
1959 1097 2231 1150 hirtissimis,

354 1154 532 1197 laciniis
564 1154 776 1207 setaceis,
821 1154 1083 1209 longissime
1116 1153 1305 1207 ciliatis,
1350 1154 1519 1196 corolla
1551 1155 1774 1210 violacea,
1820 1156 1951 1198 lacin.
1988 1157 2124 1210 calyc.
2158 1158 2233 1199 vix

356 1217 613 1268 superante.
678 1212 768 1269 (An
799 1214 952 1267 potius
985 1226 1099 1268 spec.
1134 1213 1387 1256 distincta?
1421 1213 1546 1269 WK.)

235 1274 290 1316 In
320 1286 443 1327 prov.
468 1273 622 1316 Gadit.
657 1272 722 1329 (in
754 1273 836 1316 loc.
866 1272 1088 1316 silvaticis
1120 1272 1320 1329 regionis
1353 1272 1556 1316 inferior.
1580 1287 1644 1328 pr.
1669 1273 1863 1328 Jimena,
1898 1275 2050 1329 Areos,
2085 1276 2230 1329 Jerez,

144 1333 258 1376 PER.
293 1331 457 1388 LARA).
491 1357 547 1362 ——-
579 1331 715 1387 Majo,
749 1332 855 1375 Jun.
890 1333 949 1390 (n.
983 1331 1057 1388 v.).

235 1413 364 1458 2281.
398 1413 601 1458 Melissa
634 1413 904 1457 officinalis
927 1415 977 1457 L.
1027 1415 1145 1458 Vere
1169 1418 1421 1468 spontanea
1442 1414 1547 1457 hinc
1570 1414 1674 1457 inde
1697 1415 1745 1458 in
1768 1414 1913 1459 Catal.
1938 1415 2020 1472 (pr.
2045 1417 2086 1460 S.
2110 1418 2139 1461 J
2142 1430 2232 1460 uan

83 1471 154 1515 las
176 1474 331 1527 Fonts,
365 1474 572 1529 Monsoli,
609 1474 853 1528 Surqueda,
888 1473 1147 1527 Guillerias,
1171 1472 1340 1530 VAYR.)
1374 1478 1420 1517 et
1451 1475 1499 1516 in
1521 1474 1622 1517 Val.
1657 1475 1722 1532 (in
1754 1475 1872 1518 valle
1904 1475 2008 1519 fluv.
2034 1476 2231 1532 Mijares,

83 1532 227 1589 PAu);
269 1532 416 1575 forma
448 1533 673 1576 villosa
716 1532 791 1590 (M.
824 1531 1003 1576 hirsuta
1035 1533 1293 1589 HORNEM.),
1337 1534 1385 1576 in
1418 1533 1571 1577 Sierra
1611 1534 1665 1577 de
1697 1534 1859 1577 Palma
1898 1548 1962 1589 pr.
1996 1535 2232 1592 Algeciras

83 1591 340 1647 (REVERcH.
375 1591 506 1647 1887,
549 1606 639 1635 exs.
673 1605 716 1635 n.
750 1591 851 1649 891)
891 1595 938 1635 01
970 1592 1018 1635 111
1049 1592 1272 1636 umbrosis
1305 1606 1369 1647 pr.
1404 1593 1675 1636 Grazalema
1709 1594 1990 1651 (REVERCH.!
2027 1595 2170 1652 1890).

233 1672 363 1716 2283.
398 1674 661 1729 Hyssopus
694 1673 964 1718 officinalis
998 1673 1049 1716 L.
1113 1674 1333 1717 Provenit
1375 1688 1549 1728 quoque
1593 1676 1641 1718 in
1672 1689 1813 1732 regno
1847 1676 2029 1720 Valent.
2064 1676 2232 1733 (Sierra

82 1733 139 1776 de
161 1732 292 1789 Pina,
325 1734 438 1790 1)Αο,
473 1734 514 1777 8.
539 1734 592 1776 de
617 1734 824 1788 Sacafiet,
857 1734 1121 1777 REvEmm
1159 1733 1303 1791 1891).
1358 1734 1576 1777 Abundat
1608 1735 1656 1777 in
1688 1736 1812 1792 agris
1846 1749 1881 1779 c.
1907 1736 2084 1790 Terue'l,
2120 1735 2231 1779 Con-

84 1792 191 1846 cud,
225 1792 410 1836 Villaba
453 1793 628 1850 (BADAL
663 1791 809 1850 1883).
885 1794 1049 1836 Forma
1093 1793 1424 1848 pubescens
1468 1794 1540 1850 (H.
1586 1794 1764 1849 pubesc.
1799 1795 1951 1852 ΤΙΜΒ.)
1995 1795 2042 1854 111
2086 1795 2230 1839 Catal.

84 1853 246 1895 orient.
280 1853 442 1907 Pyren.
477 1853 530 1910 (c.
565 1853 754 1908 Talaxa,
788 1852 1055 1908 Bassagoda
1088 1856 1134 1896 et
1167 1853 1277 1897 alibi
1311 1867 1411 1896 cum
1442 1853 1589 1897 forma
1622 1855 1837 1911 genuina,
1871 1855 2051 1912 Vna).

783 1957 1023 2011 Species
1057 1959 1290 2001 omnino
1325 1958 1527 2002 dubia:

231 2046 492 2102 Hyssopus
526 2046 757 2090 cinereus
791 2046 890 2090 PAU
920 2047 1024 2090 Not.
1058 2047 1150 2090 bot.
1184 2048 1228 2104 I,
1271 2061 1312 2102 p.
1348 2047 1427 2092 231
1461 2048 1542 2106 (H.
1579 2050 1799 2092 aristatus
1840 2063 1934 2092 var.
1968 2050 2230 2107 Zapaterii).

85 2105 342 2161 „Cinereus,
376 2106 559 2149 humilis
593 2106 701 2163 (11011
732 2106 883 2149 virens
917 2119 998 2150 nec
1031 2107 1212 2164 elatus),
1248 2109 1540 2163 caespitosus,
1574 2108 1912 2152 verticillastris
1935 2111 2104 2164 spicam
2126 2110 2231 2153 den-

81 2177 179 2208 sam
211 2164 555 2209 formantibus.“
610 2165 761 2223 (PAU.)

229 2226 285 2268 In
317 2224 507 2268 collibus
530 2226 793 2281 Aragoniae
826 2225 1016 2269 austral.
1043 2225 1124 2282 (pr.
1150 2227 1245 2270 Gea
1279 2226 1333 2270 de
1356 2227 1629 2271 Albarracin
1661 2229 1719 2271 ad
1742 2228 1864 2271 viam
1885 2229 2071 2285 regiam,
2106 2230 2229 2283 ΖΑΒ,

143 2285 255 2338 PAU,
288 2284 622 2339 Valdecabriel,
656 2285 876 2341 BLANCA).

232 2343 462 2388 Observ.
528 2345 620 2388 800.
656 2344 708 2387 01.
744 2345 923 2388 Loscos
965 2344 1171 2401 (Tratad.
1207 2345 1261 2388 de
1302 2345 1361 2400 pl.
1395 2346 1488 2399 ΠΙ,
1534 2346 1648 2401 supl.
1682 2344 1743 2401 80,
1787 2360 1827 2401 p.
1865 2346 1991 2405 1061)
2032 2361 2122 2391 11011
2161 2354 2231 2392 est

142 2404 199 2446 H.
235 2404 457 2447 aristatus
490 2403 576 2447 GR.
611 2405 727 2448 GDR.
792 2404 997 2447 Ulterius
1032 2405 1363 2448 observandus!

231 2476 361 2520 2284.
394 2476 729 2521 Rosmarinus
763 2477 1033 2521 officinalis
1067 2479 1117 2522 L.
1173 2479 1405 2523 Observ.
1456 2479 1634 2534 Species
1666 2480 1778 2523 haec
1809 2480 1857 2523 in
1878 2480 2102 2536 Hispania
2130 2494 2230 2525 cen-

79 2535 190 2579 trali
233 2536 628 2581 austro-orientali
660 2540 706 2580 et
737 2537 1026 2580 meridionali
1058 2539 1423 2583 communissima
1455 2540 1604 2594 quoad
1635 2540 1862 2595 habitum,
1909 2541 2232 2584 colorationem

79 2594 294 2639 foliorum
328 2596 585 2652 calycorum
612 2597 982 2652 corollarumque,
1016 2597 1411 2653 inflorescentiam,
1445 2599 1736 2643 bractearum
1757 2600 1924 2655 calycis
1947 2600 2230 2655 corollaeque

80 2653 277 2711 figuram
309 2659 355 2699 et
385 2656 752 2712 magnitudinem
784 2658 868 2700 etc.
901 2660 1142 2712 tantopere
1174 2659 1326 2701 variat
1358 2662 1411 2702 111
1443 2658 1580 2702 facile
1614 2660 1832 2715 crederes,
1867 2673 1967 2703 eam
1989 2661 2038 2703 in
2059 2659 2230 2715 species

79 2727 120 2756 v.
155 2715 411 2769 subspecies
453 2716 606 2770 plures
639 2715 930 2759 dividendam
967 2730 1077 2760 esse.
1140 2717 1291 2761 Nihilo
1323 2717 1471 2762 minus
1504 2732 1559 2761 ne
1592 2718 1871 2763 variationes
1903 2720 2084 2774 quidem
2113 2718 2230 2763 fixae

78 2774 306 2830 distingui
336 2779 539 2831 possunt,
573 2776 692 2830 quod
725 2776 1010 2819 characteres
1044 2776 1373 2821 differentiales
1405 2791 1496 2821 non
1528 2781 1636 2821 sunt
1669 2782 1944 2834 constantes,
1977 2782 2031 2823 ut
2063 2780 2229 2834 optime

79 2833 412 2877 demonstravit
445 2834 496 2877 cl.
531 2835 631 2879 PAU
665 2834 784 2892 (Not.
818 2835 909 2878 bot.
942 2837 1026 2890 ΙΠ,
1059 2850 1100 2891 p.
1134 2836 1204 2891 35,
1239 2836 1350 2894 361).
1415 2838 1714 2892 Quamobrem
1746 2839 1917 2893 dubito,
1950 2838 2059 2893 quin
2091 2838 2230 2882 etiam

78 2892 132 2935 R.
167 2893 326 2936 laxis
334 2894 498 2937 lorus
532 2894 585 2938 de
609 2894 706 2938 Noe
738 2895 822 2938 sub
854 2908 974 2938 num.
1000 2895 1116 2938 2285
1149 2897 1402 2951 descriptus
1436 2911 1464 2940 a
1496 2897 1656 2952 planta
1680 2899 1874 2941 Linnaei
1906 2898 2110 2953 specifice
2143 2897 2229 2940 dif-

77 2951 213 2995 ferat.
276 2954 404 2997 Idem
445 2954 570 2997 valet
612 2955 666 2997 de
697 2954 750 2997 R.
787 2954 1057 2998 serotino
1089 2956 1224 3000 Losc.
1259 2955 1307 2999 in
1339 2956 1432 3000 801.
1467 2958 1626 3000 exsicc.
1659 2957 1703 3000 fl.
1736 2959 1938 3015 Aragon.
1971 2972 2014 3001 n.
2047 2957 2129 3001 421
2163 2957 2228 3000 (11-

76 3010 261 3067 stincto,
295 3013 424 3068 cujus
457 3013 621 3056 scheda
650 3013 1000 3069 descriptionem
1022 3019 1285 3069 sequentem
1305 3015 1516 3071 praebet:
1556 3016 1739 3074 „Flores
1761 3017 1897 3074 longe
1918 3017 2226 3073 pedunculati,

77 3073 446 3127 numerosissimi,
483 3073 691 3127 solitarii,
726 3073 933 3128 oppositi.
987 3075 1210 3118 Bracteae
1233 3074 1542 3131 persistentes,
1578 3089 1816 3132 concavae,
1841 3078 2226 3130 cordato-ovatae,

77 3134 254 3185 acutae,
288 3132 541 3186 pedunculo
574 3132 759 3176 dimidio
792 3132 1045 3188 breviores;
1080 3134 1211 3189 calyx
1244 3134 1416 3191 glaber,
1451 3135 1752 3191 glandulosus
1784 3151 1824 3180 v.
1849 3135 2227 3191 araneoso-pube·

75 3189 217 3245 rulus,
249 3191 370 3234 labio
392 3190 610 3235 inferiore
633 3192 807 3235 duobus
830 3192 944 3236 lobis
966 3194 1575 3250 triangissari-aequilateris,
1599 3195 1797 3240 bracteis
1819 3196 1955 3251 duplo
1978 3195 2222 3252 longiore.“

76 3249 197 3294 Flor.
223 3251 362 3295 Junio
396 3251 493 3308 (sed
514 3252 568 3294 R.
593 3250 708 3294 offic.
733 3265 818 3295 sec.
843 3251 896 3295 cl.
922 3253 1116 3297 LAGUNA
1137 3253 1204 3296 Fl.
1228 3253 1384 3297 forest.
1408 3255 1468 3309 H,
1501 3268 1542 3309 p.
1567 3254 1647 3299 911
1680 3258 1831 3299 1010111
1863 3269 2032 3300 annum
2062 3254 2224 3311 floret).

77 3307 142 3350 Cl.
175 3309 353 3354 Loscos
392 3310 510 3353 hanc
546 3309 738 3354 formam
772 3311 813 3354 d.
847 3310 907 3354 30
937 3312 1030 3356 Jul.
1066 3313 1182 3356 1887
1214 3312 1262 3355 in
1294 3314 1494 3370 Aragon.
1528 3317 1670 3358 austr.
1703 3315 1764 3358 ad.
1794 3329 1938 3372 marg.
1970 3315 2072 3358 viae
2104 3313 2226 3357 infra

76 3372 124 3410 et
151 3368 286 3424 juxta
318 3369 375 3412 El
406 3370 506 3413 Mas
539 3370 612 3413 del
643 3369 880 3414 Labrador
912 3371 1058 3415 eundo
1103 3372 1162 3414 ad
1193 3371 1283 3416 Val
1316 3373 1389 3416 del
1421 3373 1584 3417 Tormo
1617 3373 1744 3430 legit.
1808 3376 1861 3418 R.
1895 3373 2055 3418 laxis
2063 3373 2225 3417 lorus

75 3427 218 3471 etiam
249 3427 297 3471 in
326 3428 508 3483 pascuis
539 3434 740 3474 montan.
773 3431 857 3474 int.
880 3431 1026 3474 Lorca
1060 3434 1106 3474 et
1128 3431 1390 3488 Cartagena
1423 3434 1586 3477 crescit
1619 3434 1800 3488 (PORTA
1833 3437 1879 3477 et
1909 3435 2042 3488 Rmo,
2077 3431 2223 3489 1890).

225 3501 355 3545 2286.
390 3501 564 3547 Salvia
595 3502 970 3548 Candelabrum
1001 3506 1153 3549 B01ss.
1219 3506 1394 3549 Crescit
1436 3506 1576 3550 etiam
1617 3506 1667 3551 in
1707 3508 1858 3552 Sierra
1899 3508 2058 3552 Prieta
2100 3521 2223 3563 prov.

77 3560 241 3604 Malae.
275 3562 425 3619 (Hor,
458 3563 625 3607 PORTA
658 3566 704 3606 et
734 3563 868 3618 Rmo,
903 3563 1032 3619 1879,
1066 3578 1157 3608 exs.
1192 3578 1234 3608 n.
1269 3564 1411 3622 9921).

226 3620 461 3664 Observ.
524 3622 627 3665 Huc
667 3625 720 3666 ut
761 3622 961 3678 subspec.
995 3637 1036 3667 v.
1070 3625 1272 3668 varietas
1314 3624 1542 3679 pertinere
1585 3627 1768 3670 videtur
1800 3627 1841 3670 S.
1876 3625 2223 3670 Blancoana

134 3679 286 3722 WEBB
319 3683 366 3723 et
397 3681 577 3725 HELDR.
610 3682 659 3724 in
689 3681 880 3726 Blancoi
922 3683 981 3737 pl.
1015 3684 1167 3727 Jienn.
1202 3697 1292 3728 exs.
1326 3697 1370 3727 n.
1403 3683 1492 3729 308
1533 3684 1643 3729 mihi
1681 3686 1843 3742 ignota
1883 3688 1930 3729 et
1969 3685 2027 3729 ab
2067 3699 2138 3729 me
2174 3686 2223 3729 in

134 3737 380 3782 Prodromo
412 3741 746 3797 praetermissa,
778 3755 895 3798 quae
926 3755 1012 3786 500.
1037 3743 1090 3786 01.
1114 3743 1240 3787 ΒΑΗ,
1264 3743 1431 3801 (Spicil.
1454 3757 1644 3789 marocc.
1666 3759 1708 3801 p.
1731 3744 1860 3802 6151)
1894 3745 2066 3802 gaudet
2095 3746 2223 3800 pani-
