2455 4033
1217 139 1338 193 126

366 295 493 338 1936.
527 293 797 338 Laurentia
828 291 1044 335 Michelii
1073 292 1162 334 DC.
1217 289 1386 333 Crescit
1418 303 1589 344 quoque
1620 290 1669 332 in
1701 303 1822 344 prov.
1847 290 1998 334 Gadit.
2022 289 2103 347 (pr.
2127 289 2338 345 Ubrique,

216 353 372 409 CLEM„
405 354 651 409 Algeciras,
686 354 845 411 DAUT„
878 351 1130 404 Rssvmacn„
1163 349 1394 404 Nasson).

803 489 966 544 Fam.
1019 486 1750 543 CAMPANULACEAE.

366 602 491 644 1937.
525 599 909 654 Wahlenberqia
938 599 1215 642 hederacea
1245 598 1389 641 Roas.
1453 598 1671 640 Provenit
1708 610 1879 651 quoque
1919 598 1968 640 in
2000 597 2145 640 Catal.
2179 598 2338 641 orient.

218 662 287 718 (in
319 660 443 705 silvis
476 660 533 702 ad
565 661 606 702 S.
640 659 827 702 Llorens
860 659 913 700 de
946 658 1157 711 Cerdans,
1192 657 1235 699 la
1268 656 1467 711 Manera,
1504 655 1674 711 COMP)

366 720 596 763 Observ.
660 717 910 760 Deleantur
953 729 1121 771 synom.
1156 715 1201 758 C.
1235 716 1440 759 arvatioa
1472 715 1584 758 LAG.
1618 719 1664 757 et
1695 714 1793 757 loca
1825 728 1852 756 a
1884 713 2092 770 Lagasca
2123 714 2340 757 indicata.

274 779 387 822 Vide
421 791 540 820 num.
577 775 765 819 19791258.

363 850 489 893 1938.
524 849 907 903 Wahlenberqia
938 847 1236 891 nutabunda
1268 849 1320 890 A.
1345 847 1434 890 DC.
1488 848 1542 889 In
1573 859 1695 900 prov.
1718 845 1918 889 Malacit.
1952 846 2121 904 (Sierra
2154 846 2207 889 de
2234 846 2341 889 Car·

220 915 355 963 tama,
388 911 625 952 REvERcH.
661 907 807 963 1888).

365 982 491 1025 1939.
525 981 733 1024 sasione
756 981 1052 1035 corymbosa
1073 980 1204 1024 Pom.
1252 979 1423 1022 Crescit
1445 979 1583 1021 etiam
1605 991 1668 1032 pr.
1692 978 1921 1033 Aranjuez
1944 977 2166 1034 <W1N1<L.!
2191 977 2337 1034 1876).

364 1055 491 1098 1940.
525 1055 730 1098 Jasione
751 1053 1098 1108 blepharodon
1118 1053 1268 1096 B01ss.
1292 1053 1434 1096 Reor.
1489 1052 1707 1094 Deleatur
1738 1049 1848 1094 haec
1881 1064 1994 1105 spec.
2019 1065 2132 1106 quae
2164 1052 2229 1094 nil
2251 1053 2339 1094 nisi

217 1116 411 1158 variatio
445 1116 486 1158 J.
519 1115 785 1156 montanae!

366 1187 490 1230 1941.
525 1187 730 1230 Jasione
761 1186 1054 1241 penicillata
1085 1187 1235 1229 B01ss.
1286 1184 1456 1227 Crescit
1489 1185 1626 1227 etiam
1658 1184 1706 1225 in
1738 1182 1887 1225 Sierra
1920 1184 1973 1226 de
1996 1183 2128 1239 Mijas
2160 1197 2224 1238 pr.
2248 1185 2342 1226 Ma-

217 1248 323 1304 laga
356 1251 400 1290 et
431 1248 479 1288 in
513 1247 662 1289 Sierra
696 1246 748 1288 de
782 1246 942 1287 Ronda
976 1245 1256 1301 (REVERcH.!
1291 1243 1436 1299 1888).

366 1320 492 1362 1942.
527 1319 733 1362 Jasione
765 1321 1008 1361 montana
1039 1319 1088 1361 L.
1154 1318 1385 1362 Observ.
1439 1317 1510 1360 Ad
1547 1317 1664 1358 hanc
1706 1316 1897 1370 speciem
1927 1316 2049 1358 inter
2082 1329 2232 1359 omnes
2264 1317 2342 1360 Ja-

215 1381 362 1423 siones
395 1381 601 1432 Europae
644 1379 835 1420 maxime
877 1377 1211 1432 polymorpham
1252 1380 1297 1419 et
1329 1390 1480 1418 aream
1511 1376 1771 1430 maximam,
1814 1375 2042 1428 Europam
2072 1373 2166 1417 fere
2198 1378 2344 1417 totam

215 1439 563 1493 amplectantem
593 1437 908 1491 possedentem
939 1435 1092 1478 variae
1126 1437 1187 1478 sic
1220 1436 1367 1478 dictae
1400 1435 1568 1488 species
1599 1434 1735 1476 florae
1767 1434 2026 1487 hispanicae
2059 1433 2116 1476 ab
2149 1435 2342 1476 auctori-

218 1498 299 1540 bus
331 1496 655 1540 recentioribus
688 1496 930 1538 distinctae
963 1494 1225 1537 referendae
1259 1497 1378 1537 sunt.
1433 1493 1527 1546 Quo
1560 1493 1682 1536 facto
1716 1492 1884 1535 formas
1917 1492 2048 1548 hujus
2082 1493 2244 1546 speciei
2274 1493 2342 1534 in-

218 1569 426 1599 numeras
459 1556 636 1598 ratione
669 1559 881 1608 sequente
915 1554 1214 1607 disponendas
1247 1566 1467 1607 propono:

408 1633 446 1657 a.
481 1615 743 1670 genuina
775 1614 879 1656 WK.
943 1614 1031 1656 Per
1064 1626 1238 1654 omnem
1268 1613 1496 1665 Europam
1529 1611 1788 1654 distributa.

407 1682 446 1727 β.
482 1674 731 1715 dentata
763 1672 852 1715 DC.
880 1672 1034 1714 Prodr.
1055 1671 1155 1725 VH,
1189 1685 1229 1725 p.
1254 1670 1364 1713 415!
1399 1671 1458 1727 (J.
1483 1670 1694 1712 echinata
1715 1671 1866 1714 Bolss.
1890 1669 2037 1713 REUT.
2062 1693 2117 1699 --
2140 1669 2181 1713 J.
2205 1668 2343 1712 Held-

483 1732 638 1774 reichii
670 1732 853 1787 Boiss)

406 1809 446 1848 y.
480 1791 798 1834 bracteosa
831 1791 935 1833 WK.
971 1790 1029 1845 (J.
1064 1789 1369 1843 blepharodon
1400 1789 1551 1831 BOISS.
1585 1786 1764 1842 REUT.)

408 1853 444 1892 δ.
480 1849 735 1905 gracilis
767 1850 876 1892 LGE.
913 1848 971 1905 (J.
1005 1849 1275 1902 Espadanae
1308 1846 1472 1902 PAUP).

361 1910 468 1952 Var.
492 1918 532 1963 β.
563 1909 769 1962 provenit
803 1921 973 1961 quoque
1005 1909 1053 1949 in
1075 1920 1214 1962 regno
1238 1907 1424 1962 Legion.
1450 1907 1531 1962 (pr.
1550 1904 1834 1947 Villafranca
1860 1904 1913 1946 de
1931 1905 2107 1958 Vierzo,
2133 1903 2341 1947 W1Nx1..1

278 1968 408 2022 1876)
450 1971 495 2010 et
527 1968 707 2011 Valent.
742 1967 908 2021 (Sierra
950 1967 1002 2008 de
1035 1967 1163 2019 Pina,
1197 1965 1298 2007 PAU
1338 1978 1437 2007 cum
1475 1965 1557 2020 γ).
1591 1981 1633 2020 y.
1668 1964 1806 2006 etiam
1837 1964 1885 2005 in
1916 1963 2055 2005 Mure.
2090 1963 2257 2019 (Sierra
2290 1963 2343 2005 de

278 2028 462 2082 Segura.
498 2040 631 2080 supra
656 2026 829 2069 Orsera.
864 2027 911 2067 in
945 2025 1162 2080 glareosis
1196 2024 1408 2074 dolomit.‚
1442 2024 1604 2066 PORTA
1626 2026 1672 2064 et
1693 2022 1823 2076 RIGO,
1860 2021 1986 2075 1891,
2021 2035 2110 2064 exs.
2136 2035 2178 2065 n.
2203 2020 2341 2075 3791).

364 2085 594 2129 Observ.
649 2087 689 2129 J.
717 2085 1072 2138 Espadanae
1105 2084 1203 2126 PAU
1237 2082 1356 2140 (Not.
1391 2083 1481 2125 bot.
1516 2082 1551 2135 I,
1584 2095 1625 2135 p.
1651 2080 1748 2137 191)
1781 2081 1892 2123 mihi
1923 2082 2083 2137 ignota
2116 2094 2171 2123 ex
2203 2081 2341 2123 deser.

273 2144 476 2198 perbrevi
518 2158 609 2186 non
653 2143 806 2186 differt
851 2144 904 2186 ab
939 2145 978 2187 J.
1013 2148 1230 2185 montana
1274 2141 1362 2184 nisi
1404 2141 1634 2183 involucro
1683 2144 1945 2183 constanter
1986 2139 2253 2194 hexaphyllo
2298 2143 2343 2182 et

276 2204 485 2258 capitulis
517 2204 747 2257 perparvis
779 2202 1049 2256 paucifloris.

362 2276 581 2319 1219421012.
616 2276 822 2319 sasione
856 2274 1206 2330 adpressiiolia
1227 2275 1327 2317 PAU
1355 2274 1382 2315 l.
1407 2287 1441 2316 c.
1495 2273 1565 2315 Ex
1597 2272 1735 2315 deser.
1769 2272 2168 2326 incompletissima
2191 2269 2345 2314 differt

218 2349 244 2378 a
266 2336 306 2378 J.
330 2339 547 2378 montana
580 2335 870 2388 omnibusque
896 2334 1083 2388 specieb.
1109 2334 1272 2375 annuis
1294 2332 1479 2375 floribus
1503 2331 1745 2375 sessilibus.
1799 2331 1928 2373 Folia
1951 2330 2131 2373 caulina
2154 2330 2345 2373 bractei-

216 2395 391 2445 formia,
427 2395 872 2446 undulato—crenata,
908 2394 1133 2447 adpressa,
1169 2392 1361 2434 laciniae
1395 2392 1560 2444 calycis
1593 2391 1727 2445 longe
1759 2389 1961 2446 ciliatae.

362 2454 417 2495 In
448 2454 579 2508 regni
610 2453 712 2496 Val.
745 2458 898 2495 monte
933 2452 1081 2494 Sierra
1114 2452 1166 2493 de
1199 2451 1416 2504 Espadan
1450 2451 1577 2506 (PAU,
1611 2451 1728 2504 Aug.
1767 2448 1910 2504 1883).
1947 2474 2002 2478 —
2039 2453 2104 2501 Ε).
2139 2448 2200 2504 (11.
2233 2447 2305 2504 v.).

368 2526 493 2570 1943.
527 2527 733 2570 sasione
764 2525 970 2569 humilis
1004 2525 1126 2569 Lors.
1189 2526 1298 2567 Var.
1333 2542 1373 2566 α.
1407 2526 1688 2566 montana
1731 2523 1940 2576 provenit
1982 2535 2074 2564 non
2117 2521 2261 2565 solum
2297 2523 2346 2564 in

209 2587 481 2640 Pyrenaeis,
528 2587 604 2628 sed
636 2587 775 2628 etiam
805 2587 854 2627 in
887 2585 1030 2627 Catal.
1063 2585 1212 2626 media
1245 2584 1492 2639 (Monseny,
1535 2595 1591 2624 en
1623 2582 1690 2624 las
1722 2581 1932 2637 Agudas,
1973 2581 2142 2636 Cos'rA,
2175 2580 2345 2636 VAYR.)

220 2651 265 2688 et
295 2646 343 2687 in
377 2645 524 2687 Sierra
558 2645 610 2687 de
643 2645 858 2698 Espadan
892 2644 1037 2700 (PAU).

367 2717 493 2760 1945.
528 2717 733 2760 Jasione
765 2717 998 2772 perennis
1025 2717 1073 2758 L.
1128 2716 1300 2759 Crescit
1323 2715 1460 2757 etiam
1480 2715 1528 2756 in
1551 2713 1749 2768 Aragon.
1774 2717 1915 2756 austr.
1939 2712 2107 2769 (Sierra
2130 2712 2202 2755 del
2223 2713 2345 2755 Pobo

219 2778 267 2819 in
299 2789 464 2819 cacum.
497 2778 664 2819 montis
696 2776 961 2829 CastelfriO,
1005 2776 1192 2818 BADAL!
1227 2773 1372 2830 1886).
1435 2781 1477 2826 β.
1511 2776 1839 2826 carpetana
1875 2784 2049 2825 quoque
2080 2772 2129 2813 in
2159 2771 2345 2814 montib.

221 2836 433 2878 Cantabr.
461 2836 609 2891 (Guip.
643 2836 701 2877 ad
723 2836 875 2879 Venta
908 2835 960 2877 de
985 2834 1222 2886 Otzaneta,
1256 2834 1448 2875 BARBEY
1471 2831 1598 2885 1883,
1632 2845 1696 2885 pr.
1720 2830 1866 2884 Aliva,
1901 2830 2031 2884 Lm„
2065 2830 2175 2874 LEV.
2199 2829 2346 2886 1878).

371 2908 497 2950 1948.
531 2908 736 2951 Jasione
767 2908 948 2951 foliosa
979 2908 1084 2951 CAV.
1142 2907 1313 2950 Crescit
1345 2906 1483 2948 etiam
1513 2905 1562 2946 in
1592 2908 1730 2947 mont.
1765 2903 1910 2959 Sagra
1943 2903 2092 2946 Sierra
2124 2907 2170 2946 et
2201 2903 2350 2947 Sierra

222 2968 276 3010 de
307 2968 492 3021 Espufia
535 2968 666 3022 regni
695 2969 836 3010 Mure.
872 2967 935 3023 (in
975 2967 1154 3021 rupium
1192 2965 1364 3008 fissuris
1397 2964 1476 3006 alt.
1511 2962 1804 3006 1400—2400
1825 2976 1888 3016 m,
1933 2963 2096 3005 PORTA
2127 2965 2173 3005 et
2203 2963 2346 3006 RIGo!

223 3026 355 3082 1890)
388 3032 523 3079 atque
555 3028 604 3068 in
635 3039 774 3081 regno
808 3026 908 3069 Val.
943 3026 1110 3082 (Sierra
1141 3024 1346 3077 Mariola,
1379 3024 1524 3076 Rom,
1558 3022 1665 3064 Pico
1699 3022 1752 3064 de
1784 3021 2082 3077 Pefiagolosa,
2114 3020 2242 3077 PAU).

370 3099 554 3141 1949biS.
587 3099 866 3154 Phyteuma
896 3098 1227 3154 pauciflorum
1257 3097 1308 3139 L.
1342 3096 1447 3139 Cod.
1483 3095 1609 3149 1342,
1644 3095 1728 3139 GR.
1762 3094 1909 3138 Gonn.
1944 3094 1972 3137 l.
2006 3107 2041 3137 c.
2073 3094 2136 3149 ΙΙ,
2168 3107 2209 3148 p.
2234 3092 2346 3136 4001

222 3159 364 3202 chss.
397 3159 458 3201 Ic.
492 3158 620 3213 XIX,
665 3163 698 3201 t..
733 3157 838 3211 218,
872 3158 931 3200 ΙΙ.
965 3157 1061 3200 III!
1123 3157 1389 3199 Rhizomate
1430 3167 1579 3197 crasso
1612 3154 1887 3208 pluricipite,
1930 3152 2106 3196 rosulas
2137 3151 2348 3195 foliorum

224 3217 399 3260 steriles
431 3222 477 3259 et
507 3216 681 3259 fertiles
704 3217 877 3270 edente,
910 3215 1032 3259 foliis
1054 3215 1308 3258 rosularum
1330 3212 1693 3268 ovato-oblongis
1715 3216 1796 3255 aut
1818 3212 1911 3255 late
1934 3211 2138 3255 obovatis
2160 3211 2345 3264 obtusis,

221 3276 526 3331 integerrimis
559 3279 640 3318 aut
671 3276 796 3329 apice
826 3275 1108 3329 tricrenatis,
1143 3273 1334 3329 glabris,
1367 3272 1623 3326 petiolatis3
1663 3271 1868 3314 caulibus
1899 3269 2104 3325 1‚3—6,5
2126 3282 2195 3312 cm
2225 3269 2346 3323 altis,

225 3333 546 3387 1-—3-foliatis,
565 3333 641 3377 fol.
662 3334 1021 3389 angustioribus3
1044 3333 1255 3387 capitulis
1276 3331 1639 3385 hemisphaericis
1655 3329 1925 3384 paucifloris,
1947 3329 2169 3372 involucri
2183 3327 2347 3382 phyllis

225 3393 639 3436 ovato-rotundatis
671 3393 859 3446 ciliatis,
891 3392 1075 3435 floribus
1108 3391 1345 3444 coeruleis,
1385 3390 1514 3443 stylis
1547 3389 1680 3444 longe
1713 3389 1916 3443 exsertis,
1951 3388 2153 3443 stigmat.
2185 3386 2344 3430 tribus.

370 3453 425 3494 In
456 3452 618 3505 Pyren.
652 3451 890 3494 Catalaun.
925 3450 1131 3494 oriental,
1164 3462 1267 3492 raro
1307 3449 1360 3505 (c.
1394 3448 1555 3502 Nuria,
1599 3447 1854 3501 Esquerdas
1887 3447 1940 3489 de
1971 3446 2107 3502 Roja,
2149 3446 2199 3488 in
2228 3445 2346 3489 valle

282 3510 324 3553 fl.
358 3510 492 3564 Tech,
526 3509 698 3566 COMP.)
734 3536 785 3540 -
824 3519 867 3559 21.
902 3510 1007 3564 Ju1.‚
1039 3510 1157 3564 Aug.
1192 3508 1252 3565 (11.
1286 3507 1360 3564 v.).

368 3569 483 3612 Hab.
516 3569 566 3611 in
596 3569 760 3623 Pyren.
794 3572 840 3611 et
873 3568 1075 3622 Alpibus.

373 3640 499 3685 1950.
532 3641 810 3696 Phyteuma
842 3640 1114 3684 charmelii
1144 3640 1273 3682 V1LL.
1336 3639 1553 3681 Provenit
1593 3651 1764 3692 quoque
1803 3638 1853 3680 in
1894 3649 2035 3692 regno
2066 3635 2249 3680 Valent.
2283 3632 2349 3690 (in

222 3700 395 3743 ditione
416 3701 719 3756 Maesti-azgo,
752 3701 901 3753 Losc.,
935 3700 1086 3743 Sierra
1118 3699 1172 3741 de
1195 3698 1389 3740 Sacafiet
1420 3697 1478 3740 ad
1509 3709 1655 3751 rupes,
1688 3697 1950 3740 Ravenna!
1982 3694 2073 3739 Jul.
2097 3692 2242 3749 1891).
2294 3693 2351 3736 In

219 3760 421 3815 Aragon.
454 3772 519 3813 pr.
554 3759 805 3802 Camarena
837 3759 983 3815 (PAU).
