<?xml version="1.0" encoding="UTF-8"?>
<!DOCTYPE html PUBLIC "-//W3C//DTD XHTML 1.0 Transitional//EN"
    "http://www.w3.org/TR/xhtml1/DTD/xhtml1-transitional.dtd">
<html xmlns="http://www.w3.org/1999/xhtml" xml:lang="en" lang="en">
 <head>
  <title>
</title>
<meta http-equiv="Content-Type" content="text/html;charset=utf-8" />
  <meta name='ocr-system' content='tesseract 3.04.00' />
  <meta name='ocr-capabilities' content='ocr_page ocr_carea ocr_par ocr_line ocrx_word'/>
</head>
<body>
  <div class='ocr_page' id='page_1' title='image "./supplementumprod00will_0007.png"; bbox 0 0 2455 4033; ppageno 0'>
   <div class='ocr_carea' id='block_1_1' title="bbox 1052 450 1442 742">
    <p class='ocr_par' dir='ltr' id='par_1_1' title="bbox 1052 450 1442 742">
     <span class='ocr_line' id='line_1_1' title="bbox 1124 450 1393 500; baseline -0.015 -7"><span class='ocrx_word' id='word_1_1' title='bbox 1124 450 1393 500; x_wconf 49' lang='lat' dir='ltr'>himma!</span> 
     </span>
     <span class='ocr_line' id='line_1_2' title="bbox 1052 519 1434 582; baseline -0.013 -11"><span class='ocrx_word' id='word_1_2' title='bbox 1052 519 1055 522; x_wconf 78' lang='grc'><strong>’</strong></span> <span class='ocrx_word' id='word_1_3' title='bbox 1099 536 1240 582; x_wconf 62' lang='grc' dir='ltr'>Νενψ</span> <span class='ocrx_word' id='word_1_4' title='bbox 1271 528 1434 571; x_wconf 68' lang='lat' dir='ltr'>vom&lt;</span> 
     </span>
     <span class='ocr_line' id='line_1_3' title="bbox 1092 610 1442 663; baseline -0.034 -2"><span class='ocrx_word' id='word_1_5' title='bbox 1092 610 1442 663; x_wconf 45' lang='grc' dir='ltr'>μζωψωκιιᾳἋι.</span> 
     </span>
     <span class='ocr_line' id='line_1_4' title="bbox 1168 694 1402 742; baseline 0 -9"><span class='ocrx_word' id='word_1_6' title='bbox 1168 694 1402 742; x_wconf 55' lang='grc' dir='ltr'>ᾐΑέἐυΕΝ</span> 
     </span>
    </p>
   </div>
   <div class='ocr_carea' id='block_1_2' title="bbox 961 929 1455 1011">
    <p class='ocr_par' dir='ltr' id='par_1_2' title="bbox 961 929 1455 1011">
     <span class='ocr_line' id='line_1_5' title="bbox 961 929 1455 1011; baseline -0.004 -1"><span class='ocrx_word' id='word_1_7' title='bbox 961 929 1455 1011; x_wconf 83' lang='lat' dir='ltr'>Praefatio.</span> 
     </span>
    </p>
   </div>
   <div class='ocr_carea' id='block_1_3' title="bbox 289 1224 2280 1298">
    <p class='ocr_par' dir='ltr' id='par_1_3' title="bbox 289 1224 2280 1298">
     <span class='ocr_line' id='line_1_6' title="bbox 289 1224 2280 1298; baseline 0.001 -14"><span class='ocrx_word' id='word_1_8' title='bbox 289 1231 410 1284; x_wconf 92' lang='lat' dir='ltr'>Duo</span> <span class='ocrx_word' id='word_1_9' title='bbox 465 1233 522 1283; x_wconf 90' lang='lat' dir='ltr'>et</span> <span class='ocrx_word' id='word_1_10' title='bbox 572 1229 804 1297; x_wconf 86' lang='lat' dir='ltr'>triginta</span> <span class='ocrx_word' id='word_1_11' title='bbox 855 1229 984 1282; x_wconf 90' lang='lat' dir='ltr'>anni</span> <span class='ocrx_word' id='word_1_12' title='bbox 1034 1229 1245 1296; x_wconf 78' lang='lat' dir='ltr'>delapsi</span> <span class='ocrx_word' id='word_1_13' title='bbox 1297 1224 1424 1283; x_wconf 85' lang='lat' dir='ltr'>sunt</span> <span class='ocrx_word' id='word_1_14' title='bbox 1473 1246 1540 1282; x_wconf 86' lang='lat' dir='ltr'>ex</span> <span class='ocrx_word' id='word_1_15' title='bbox 1586 1237 1856 1298; x_wconf 86' lang='lat' dir='ltr'>tempore,</span> <span class='ocrx_word' id='word_1_16' title='bbox 1911 1247 2013 1296; x_wconf 89' lang='lat' dir='ltr'>quo</span> <span class='ocrx_word' id='word_1_17' title='bbox 2053 1232 2280 1297; x_wconf 89' lang='lat' dir='ltr'>primum</span> 
     </span>
    </p>
   </div>
   <div class='ocr_carea' id='block_1_4' title="bbox 106 1326 2280 1399">
    <p class='ocr_par' dir='ltr' id='par_1_4' title="bbox 106 1326 2280 1399">
     <span class='ocr_line' id='line_1_7' title="bbox 106 1326 2280 1399; baseline 0 -18"><span class='ocrx_word' id='word_1_18' title='bbox 106 1328 427 1399; x_wconf 29' lang='lat' dir='ltr'>*Prodromi</span> <span class='ocrx_word' id='word_1_19' title='bbox 453 1330 631 1395; x_wconf 67' lang='lat' dir='ltr'>florae</span> <span class='ocrx_word' id='word_1_20' title='bbox 670 1328 983 1394; x_wconf 68' lang='lat' dir='ltr'><em>hispanicae</em></span> <span class='ocrx_word' id='word_1_21' title='bbox 1021 1327 1272 1381; x_wconf 89' lang='lat' dir='ltr'>volumen</span> <span class='ocrx_word' id='word_1_22' title='bbox 1319 1326 1375 1379; x_wconf 90' lang='lat' dir='ltr'>in</span> <span class='ocrx_word' id='word_1_23' title='bbox 1414 1326 1588 1379; x_wconf 90' lang='lat' dir='ltr'>lucem</span> <span class='ocrx_word' id='word_1_24' title='bbox 1630 1326 1831 1379; x_wconf 89' lang='lat' dir='ltr'>editum</span> <span class='ocrx_word' id='word_1_25' title='bbox 1873 1331 1973 1381; x_wconf 91' lang='lat' dir='ltr'>est.</span> <span class='ocrx_word' id='word_1_26' title='bbox 2054 1329 2170 1396; x_wconf 76' lang='lat' dir='ltr'>Quo</span> <span class='ocrx_word' id='word_1_27' title='bbox 2213 1345 2280 1382; x_wconf 95' lang='lat' dir='ltr'>ex</span> 
     </span>
    </p>
   </div>
   <div class='ocr_carea' id='block_1_5' title="bbox 138 1422 2280 2748">
    <p class='ocr_par' dir='ltr' id='par_1_5' title="bbox 138 1422 2280 2748">
     <span class='ocr_line' id='line_1_8' title="bbox 139 1422 2280 1490; baseline 0 -13"><span class='ocrx_word' id='word_1_28' title='bbox 139 1429 384 1490; x_wconf 91' lang='lat' dir='ltr'>tempore</span> <span class='ocrx_word' id='word_1_29' title='bbox 440 1423 510 1476; x_wconf 87' lang='lat' dir='ltr'>ad</span> <span class='ocrx_word' id='word_1_30' title='bbox 563 1426 781 1476; x_wconf 90' lang='lat' dir='ltr'>nostros</span> <span class='ocrx_word' id='word_1_31' title='bbox 837 1439 1008 1488; x_wconf 87' lang='lat' dir='ltr'>usque</span> <span class='ocrx_word' id='word_1_32' title='bbox 1064 1422 1180 1476; x_wconf 90' lang='lat' dir='ltr'>dies</span> <span class='ocrx_word' id='word_1_33' title='bbox 1237 1422 1474 1490; x_wconf 77' lang='lat' dir='ltr'>cognitio</span> <span class='ocrx_word' id='word_1_34' title='bbox 1530 1423 1840 1488; x_wconf 89' lang='lat' dir='ltr'>plantarum</span> <span class='ocrx_word' id='word_1_35' title='bbox 1890 1423 1945 1476; x_wconf 92' lang='lat' dir='ltr'>in</span> <span class='ocrx_word' id='word_1_36' title='bbox 1996 1425 2280 1490; x_wconf 77' lang='lat' dir='ltr'>peninsula</span> 
     </span>
     <span class='ocr_line' id='line_1_9' title="bbox 138 1519 2275 1589; baseline 0 -16"><span class='ocrx_word' id='word_1_37' title='bbox 138 1520 346 1573; x_wconf 86' lang='lat' dir='ltr'>iberica</span> <span class='ocrx_word' id='word_1_38' title='bbox 377 1520 672 1586; x_wconf 76' lang='lat' dir='ltr'>praecipue</span> <span class='ocrx_word' id='word_1_39' title='bbox 699 1519 971 1585; x_wconf 84' lang='lat' dir='ltr'>Hispania</span> <span class='ocrx_word' id='word_1_40' title='bbox 996 1519 1362 1572; x_wconf 74' lang='lat' dir='ltr'>habitantium</span> <span class='ocrx_word' id='word_1_41' title='bbox 1389 1519 1674 1573; x_wconf 88' lang='lat' dir='ltr'>maximum</span> <span class='ocrx_word' id='word_1_42' title='bbox 1703 1519 1848 1586; x_wconf 92' lang='lat' dir='ltr'>cepit</span> <span class='ocrx_word' id='word_1_43' title='bbox 1872 1520 2275 1589; x_wconf 85' lang='lat' dir='ltr'>incrementum,</span> 
     </span>
     <span class='ocr_line' id='line_1_10' title="bbox 140 1615 2280 1684; baseline 0 -13"><span class='ocrx_word' id='word_1_44' title='bbox 140 1633 299 1682; x_wconf 88' lang='lat' dir='ltr'>quum</span> <span class='ocrx_word' id='word_1_45' title='bbox 339 1633 448 1670; x_wconf 90' lang='lat' dir='ltr'>non</span> <span class='ocrx_word' id='word_1_46' title='bbox 487 1615 939 1670; x_wconf 89' lang='lat' dir='ltr'>solum-botanici</span> <span class='ocrx_word' id='word_1_47' title='bbox 978 1616 1424 1684; x_wconf 88' lang='lat' dir='ltr'>peregrinatores</span> <span class='ocrx_word' id='word_1_48' title='bbox 1464 1616 1619 1669; x_wconf 89' lang='lat' dir='ltr'>multi</span> <span class='ocrx_word' id='word_1_49' title='bbox 1660 1620 1972 1670; x_wconf 88' lang='lat' dir='ltr'>exterarum</span> <span class='ocrx_word' id='word_1_50' title='bbox 2007 1621 2280 1672; x_wconf 90' lang='lat' dir='ltr'>terrarum</span> 
     </span>
     <span class='ocr_line' id='line_1_11' title="bbox 140 1713 2275 1782; baseline 0 -15"><span class='ocrx_word' id='word_1_51' title='bbox 140 1730 392 1782; x_wconf 89' lang='lat' dir='ltr'>magnam</span> <span class='ocrx_word' id='word_1_52' title='bbox 432 1713 736 1779; x_wconf 86' lang='lat' dir='ltr'>Hispaniae</span> <span class='ocrx_word' id='word_1_53' title='bbox 780 1716 996 1779; x_wconf 90' lang='lat' dir='ltr'>partem</span> <span class='ocrx_word' id='word_1_54' title='bbox 1036 1714 1223 1767; x_wconf 89' lang='lat' dir='ltr'>sedulo</span> <span class='ocrx_word' id='word_1_55' title='bbox 1267 1713 1699 1780; x_wconf 80' lang='lat' dir='ltr'>exploraverint,</span> <span class='ocrx_word' id='word_1_56' title='bbox 1753 1714 1849 1766; x_wconf 92' lang='lat' dir='ltr'>sed</span> <span class='ocrx_word' id='word_1_57' title='bbox 1890 1714 2054 1766; x_wconf 88' lang='lat' dir='ltr'>etiam</span> <span class='ocrx_word' id='word_1_58' title='bbox 2091 1715 2275 1780; x_wconf 90' lang='lat' dir='ltr'>plures</span> 
     </span>
     <span class='ocr_line' id='line_1_12' title="bbox 140 1809 2280 1878; baseline 0 -14"><span class='ocrx_word' id='word_1_59' title='bbox 140 1810 381 1864; x_wconf 86' lang='lat' dir='ltr'>botanici</span> <span class='ocrx_word' id='word_1_60' title='bbox 421 1810 678 1878; x_wconf 87' lang='lat' dir='ltr'>indigeni,</span> <span class='ocrx_word' id='word_1_61' title='bbox 719 1809 866 1862; x_wconf 88' lang='lat' dir='ltr'>inter</span> <span class='ocrx_word' id='word_1_62' title='bbox 906 1826 1039 1875; x_wconf 87' lang='lat' dir='ltr'>quos</span> <span class='ocrx_word' id='word_1_63' title='bbox 1080 1810 1185 1864; x_wconf 90' lang='lat' dir='ltr'>viri</span> <span class='ocrx_word' id='word_1_64' title='bbox 1225 1811 1328 1862; x_wconf 93' lang='lat' dir='ltr'>duo</span> <span class='ocrx_word' id='word_1_65' title='bbox 1370 1810 1436 1863; x_wconf 94' lang='lat' dir='ltr'>de</span> <span class='ocrx_word' id='word_1_66' title='bbox 1477 1809 1613 1862; x_wconf 85' lang='lat' dir='ltr'>flora</span> <span class='ocrx_word' id='word_1_67' title='bbox 1650 1810 1835 1875; x_wconf 92' lang='lat' dir='ltr'>patria</span> <span class='ocrx_word' id='word_1_68' title='bbox 1872 1810 2071 1876; x_wconf 92' lang='lat' dir='ltr'>optime</span> <span class='ocrx_word' id='word_1_69' title='bbox 2098 1811 2280 1864; x_wconf 90' lang='lat' dir='ltr'>meriti</span> 
     </span>
     <span class='ocr_line' id='line_1_13' title="bbox 140 1906 2278 1976; baseline 0 -15"><span class='ocrx_word' id='word_1_70' title='bbox 140 1907 239 1961; x_wconf 89' lang='lat' dir='ltr'>sed</span> <span class='ocrx_word' id='word_1_71' title='bbox 272 1908 385 1976; x_wconf 82' lang='lat' dir='ltr'>jam</span> <span class='ocrx_word' id='word_1_72' title='bbox 427 1906 684 1972; x_wconf 76' lang='lat' dir='ltr'>defuncti,</span> <span class='ocrx_word' id='word_1_73' title='bbox 726 1907 877 1959; x_wconf 91' lang='lat' dir='ltr'>beati</span> <span class='ocrx_word' id='word_1_74' title='bbox 916 1922 1108 1972; x_wconf 91' lang='lat' dir='ltr'>nempe</span> <span class='ocrx_word' id='word_1_75' title='bbox 1148 1908 1427 1960; x_wconf 82' lang='lat' dir='ltr'><strong>ANTONIUS</strong></span> <span class='ocrx_word' id='word_1_76' title='bbox 1464 1906 1655 1973; x_wconf 76' lang='lat' dir='ltr'>CosTA,</span> <span class='ocrx_word' id='word_1_77' title='bbox 1697 1906 1864 1960; x_wconf 90' lang='lat' dir='ltr'>florae</span> <span class='ocrx_word' id='word_1_78' title='bbox 1906 1907 2278 1962; x_wconf 85' lang='lat' dir='ltr'>catalaunicae</span> 
     </span>
     <span class='ocr_line' id='line_1_14' title="bbox 141 1989 2277 2071; baseline 0 -15"><span class='ocrx_word' id='word_1_79' title='bbox 141 1989 317 2057; x_wconf 84' lang='lat' dir='ltr'>cultor</span> <span class='ocrx_word' id='word_1_80' title='bbox 358 2003 739 2070; x_wconf 87' lang='lat' dir='ltr'>peritissimus,</span> <span class='ocrx_word' id='word_1_81' title='bbox 783 2006 840 2056; x_wconf 92' lang='lat' dir='ltr'>et</span> <span class='ocrx_word' id='word_1_82' title='bbox 878 2004 1212 2056; x_wconf 70' lang='lat' dir='ltr'>FRAnciscus</span> <span class='ocrx_word' id='word_1_83' title='bbox 1253 2004 1482 2069; x_wconf 84' lang='lat' dir='ltr'>LOSCOS,</span> <span class='ocrx_word' id='word_1_84' title='bbox 1528 2003 1696 2056; x_wconf 88' lang='lat' dir='ltr'>florae</span> <span class='ocrx_word' id='word_1_85' title='bbox 1736 2003 2048 2071; x_wconf 86' lang='lat' dir='ltr'>Aragoniae</span> <span class='ocrx_word' id='word_1_86' title='bbox 2090 2005 2277 2070; x_wconf 90' lang='lat' dir='ltr'>explo-</span> 
     </span>
     <span class='ocr_line' id='line_1_15' title="bbox 139 2099 2278 2165; baseline 0 -13"><span class='ocrx_word' id='word_1_87' title='bbox 139 2103 293 2153; x_wconf 82' lang='lat' dir='ltr'>rator</span> <span class='ocrx_word' id='word_1_88' title='bbox 331 2099 662 2165; x_wconf 78' lang='lat' dir='ltr'>indefeSSUS,</span> <span class='ocrx_word' id='word_1_89' title='bbox 718 2103 775 2152; x_wconf 92' lang='lat' dir='ltr'>et</span> <span class='ocrx_word' id='word_1_90' title='bbox 812 2099 919 2154; x_wconf 88' lang='lat' dir='ltr'>viri</span> <span class='ocrx_word' id='word_1_91' title='bbox 958 2099 1383 2165; x_wconf 84' lang='lat' dir='ltr'>praeclarissimi</span> <span class='ocrx_word' id='word_1_92' title='bbox 1423 2101 1599 2153; x_wconf 90' lang='lat' dir='ltr'>adhuc</span> <span class='ocrx_word' id='word_1_93' title='bbox 1638 2100 1892 2154; x_wconf 87' lang='lat' dir='ltr'>viventes</span> <span class='ocrx_word' id='word_1_94' title='bbox 1934 2100 2073 2153; x_wconf 78' lang='lat' dir='ltr'>Rmz</span> <span class='ocrx_word' id='word_1_95' title='bbox 2115 2101 2278 2154; x_wconf 84' lang='lat' dir='ltr'>CASA-</span> 
     </span>
     <span class='ocr_line' id='line_1_16' title="bbox 138 2196 2276 2265; baseline 0 -15"><span class='ocrx_word' id='word_1_96' title='bbox 138 2213 345 2264; x_wconf 85' lang='lat' dir='ltr'>VIELLA,</span> <span class='ocrx_word' id='word_1_97' title='bbox 373 2212 659 2261; x_wconf 88' lang='lat' dir='ltr'>navarrus,</span> <span class='ocrx_word' id='word_1_98' title='bbox 689 2196 943 2249; x_wconf 81' lang='lat' dir='ltr'><strong>MAXIMUS</strong></span> <span class='ocrx_word' id='word_1_99' title='bbox 971 2197 1211 2263; x_wconf 77' lang='lat' dir='ltr'>LAGUNA,</span> <span class='ocrx_word' id='word_1_100' title='bbox 1244 2197 1592 2263; x_wconf 56' lang='lat' dir='ltr'>castellanus</span> <span class='ocrx_word' id='word_1_101' title='bbox 1614 2197 1822 2251; x_wconf 82' lang='lat' dir='ltr'>VICTOR</span> <span class='ocrx_word' id='word_1_102' title='bbox 1842 2198 2025 2250; x_wconf 84' lang='lat' dir='ltr'>LOPEZ</span> <span class='ocrx_word' id='word_1_103' title='bbox 2048 2197 2276 2265; x_wconf 84' lang='lat' dir='ltr'>SEOANE,</span> 
     </span>
     <span class='ocr_line' id='line_1_17' title="bbox 140 2293 2275 2364; baseline 0.001 -18"><span class='ocrx_word' id='word_1_104' title='bbox 140 2293 450 2361; x_wconf 79' lang='lat' dir='ltr'>gallecicUS,</span> <span class='ocrx_word' id='word_1_105' title='bbox 486 2293 732 2346; x_wconf 79' lang='lat' dir='ltr'>CAROLns</span> <span class='ocrx_word' id='word_1_106' title='bbox 760 2294 893 2360; x_wconf 80' lang='lat' dir='ltr'>PAU,</span> <span class='ocrx_word' id='word_1_107' title='bbox 924 2293 1254 2361; x_wconf 86' lang='lat' dir='ltr'>valentinus,</span> <span class='ocrx_word' id='word_1_108' title='bbox 1284 2294 1562 2347; x_wconf 77' lang='lat' dir='ltr'>JOSEPHUS</span> <span class='ocrx_word' id='word_1_109' title='bbox 1590 2295 1969 2364; x_wconf 82' lang='lat' dir='ltr'>PEREz-LARA,</span> <span class='ocrx_word' id='word_1_110' title='bbox 2012 2295 2275 2362; x_wconf 87' lang='lat' dir='ltr'>baeticus,</span> 
     </span>
     <span class='ocr_line' id='line_1_18' title="bbox 138 2389 2278 2459; baseline 0 -15"><span class='ocrx_word' id='word_1_111' title='bbox 138 2391 177 2444; x_wconf 82' lang='lat' dir='ltr'><strong>J</strong></span> <span class='ocrx_word' id='word_1_112' title='bbox 181 2406 385 2444; x_wconf 75' lang='lat' dir='ltr'>OANNEs</span> <span class='ocrx_word' id='word_1_113' title='bbox 437 2391 684 2444; x_wconf 73' lang='lat' dir='ltr'>TExmoR</span> <span class='ocrx_word' id='word_1_114' title='bbox 736 2394 792 2443; x_wconf 92' lang='lat' dir='ltr'>et</span> <span class='ocrx_word' id='word_1_115' title='bbox 846 2389 1173 2443; x_wconf 82' lang='lat' dir='ltr'>STANISLAUS</span> <span class='ocrx_word' id='word_1_116' title='bbox 1215 2390 1498 2458; x_wconf 81' lang='lat' dir='ltr'>VAYREDA,</span> <span class='ocrx_word' id='word_1_117' title='bbox 1552 2392 1704 2444; x_wconf 89' lang='lat' dir='ltr'>ambo</span> <span class='ocrx_word' id='word_1_118' title='bbox 1758 2391 2112 2459; x_wconf 80' lang='lat' dir='ltr'>catalaunici,</span> <span class='ocrx_word' id='word_1_119' title='bbox 2164 2396 2278 2445; x_wconf 90' lang='lat' dir='ltr'>tam</span> 
     </span>
     <span class='ocr_line' id='line_1_19' title="bbox 140 2487 2277 2555; baseline 0 -15"><span class='ocrx_word' id='word_1_120' title='bbox 140 2487 336 2541; x_wconf 89' lang='lat' dir='ltr'>studiis</span> <span class='ocrx_word' id='word_1_121' title='bbox 378 2487 808 2555; x_wconf 85' lang='lat' dir='ltr'>diligentissimis</span> <span class='ocrx_word' id='word_1_122' title='bbox 849 2503 1007 2552; x_wconf 85' lang='lat' dir='ltr'>quam</span> <span class='ocrx_word' id='word_1_123' title='bbox 1049 2487 1304 2552; x_wconf 88' lang='lat' dir='ltr'>operibus</span> <span class='ocrx_word' id='word_1_124' title='bbox 1345 2487 1672 2541; x_wconf 87' lang='lat' dir='ltr'>doctissimis</span> <span class='ocrx_word' id='word_1_125' title='bbox 1713 2488 1779 2540; x_wconf 91' lang='lat' dir='ltr'>de</span> <span class='ocrx_word' id='word_1_126' title='bbox 1806 2487 1942 2541; x_wconf 91' lang='lat' dir='ltr'>flora</span> <span class='ocrx_word' id='word_1_127' title='bbox 1967 2488 2277 2554; x_wconf 88' lang='lat' dir='ltr'>provincia-</span> 
     </span>
     <span class='ocr_line' id='line_1_20' title="bbox 138 2584 2278 2652; baseline 0 -15"><span class='ocrx_word' id='word_1_128' title='bbox 138 2600 256 2652; x_wconf 81' lang='lat' dir='ltr'>rum</span> <span class='ocrx_word' id='word_1_129' title='bbox 306 2600 528 2637; x_wconf 90' lang='lat' dir='ltr'>suarum</span> <span class='ocrx_word' id='word_1_130' title='bbox 579 2588 675 2638; x_wconf 90' lang='lat' dir='ltr'>aut</span> <span class='ocrx_word' id='word_1_131' title='bbox 726 2584 898 2638; x_wconf 90' lang='lat' dir='ltr'>totius</span> <span class='ocrx_word' id='word_1_132' title='bbox 945 2584 1266 2651; x_wconf 91' lang='lat' dir='ltr'>peninsulae</span> <span class='ocrx_word' id='word_1_133' title='bbox 1309 2584 1470 2638; x_wconf 81' lang='lat' dir='ltr'>editis</span> <span class='ocrx_word' id='word_1_134' title='bbox 1510 2584 1740 2637; x_wconf 84' lang='lat' dir='ltr'>maxime</span> <span class='ocrx_word' id='word_1_135' title='bbox 1781 2585 2134 2638; x_wconf 89' lang='lat' dir='ltr'>excellerunt.</span> <span class='ocrx_word' id='word_1_136' title='bbox 2213 2585 2278 2637; x_wconf 88' lang='lat' dir='ltr'>In</span> 
     </span>
     <span class='ocr_line' id='line_1_21' title="bbox 140 2680 2277 2748; baseline 0 -15"><span class='ocrx_word' id='word_1_137' title='bbox 140 2680 547 2741; x_wconf 86' lang='lat' dir='ltr'>enumeratione</span> <span class='ocrx_word' id='word_1_138' title='bbox 585 2681 962 2735; x_wconf 88' lang='lat' dir='ltr'>botanicorum</span> <span class='ocrx_word' id='word_1_139' title='bbox 1003 2685 1330 2748; x_wconf 88' lang='lat' dir='ltr'>exterorum,</span> <span class='ocrx_word' id='word_1_140' title='bbox 1373 2681 1463 2747; x_wconf 90' lang='lat' dir='ltr'>qui</span> <span class='ocrx_word' id='word_1_141' title='bbox 1501 2681 1823 2748; x_wconf 87' lang='lat' dir='ltr'>Hispaniam</span> <span class='ocrx_word' id='word_1_142' title='bbox 1862 2681 1988 2735; x_wconf 89' lang='lat' dir='ltr'>inde</span> <span class='ocrx_word' id='word_1_143' title='bbox 2029 2683 2097 2734; x_wconf 88' lang='lat' dir='ltr'>ab</span> <span class='ocrx_word' id='word_1_144' title='bbox 2138 2697 2277 2734; x_wconf 91' lang='lat' dir='ltr'>anno</span> 
     </span>
    </p>
   </div>
   <div class='ocr_carea' id='block_1_6' title="bbox 59 2777 2277 2851">
    <p class='ocr_par' dir='ltr' id='par_1_6' title="bbox 59 2777 2277 2851">
     <span class='ocr_line' id='line_1_22' title="bbox 59 2777 2277 2851; baseline 0 -21"><span class='ocrx_word' id='word_1_145' title='bbox 59 2849 62 2851; x_wconf 26' lang='grc'>-</span> <span class='ocrx_word' id='word_1_146' title='bbox 140 2778 306 2843; x_wconf 83' lang='grc'>1870,</span> <span class='ocrx_word' id='word_1_147' title='bbox 362 2777 465 2842; x_wconf 85' lang='lat' dir='ltr'>quo</span> <span class='ocrx_word' id='word_1_148' title='bbox 513 2778 809 2831; x_wconf 90' lang='lat' dir='ltr'>secundum</span> <span class='ocrx_word' id='word_1_149' title='bbox 849 2778 1134 2831; x_wconf 91' lang='lat' dir='ltr'>Prodromi</span> <span class='ocrx_word' id='word_1_150' title='bbox 1173 2779 1425 2833; x_wconf 91' lang='lat' dir='ltr'>volumen</span> <span class='ocrx_word' id='word_1_151' title='bbox 1465 2778 1796 2844; x_wconf 88' lang='lat' dir='ltr'>publicatum</span> <span class='ocrx_word' id='word_1_152' title='bbox 1838 2782 1945 2845; x_wconf 89' lang='lat' dir='ltr'>est,</span> <span class='ocrx_word' id='word_1_153' title='bbox 1997 2794 2168 2843; x_wconf 83' lang='lat' dir='ltr'>usque</span> <span class='ocrx_word' id='word_1_154' title='bbox 2208 2777 2277 2831; x_wconf 92' lang='lat' dir='ltr'>ad</span> 
     </span>
    </p>
   </div>
   <div class='ocr_carea' id='block_1_7' title="bbox 0 2944 79 3186">
    <p class='ocr_par' dir='ltr' id='par_1_7' title="bbox 0 2944 79 3186">
     <span class='ocr_line' id='line_1_23' title="bbox 0 2944 68 2981; baseline 0 0"><span class='ocrx_word' id='word_1_155' title='bbox 0 2944 68 2981; x_wconf 68' lang='lat' dir='ltr'>ef&gt;</span> 
     </span>
     <span class='ocr_line' id='line_1_24' title="bbox 1 2992 74 3026; baseline -0.041 0"><span class='ocrx_word' id='word_1_156' title='bbox 1 2992 74 3026; x_wconf 72' lang='grc' dir='ltr'><strong>Ν</strong></span> 
     </span>
     <span class='ocr_line' id='line_1_25' title="bbox 5 3037 75 3069; baseline -0.043 0"><span class='ocrx_word' id='word_1_157' title='bbox 5 3037 75 3069; x_wconf 72' lang='grc' dir='ltr'><em>Φ</em></span> 
     </span>
     <span class='ocr_line' id='line_1_26' title="bbox 8 3081 79 3103; baseline 0 -11"><span class='ocrx_word' id='word_1_158' title='bbox 8 3081 79 3103; x_wconf 47' lang='lat' dir='ltr'>*a-</span> 
     </span>
     <span class='ocr_line' id='line_1_27' title="bbox 46 3148 61 3186; baseline 0 0"><span class='ocrx_word' id='word_1_159' title='bbox 46 3148 61 3186; x_wconf 87' lang='grc' dir='ltr'>Ι</span> 
     </span>
    </p>
   </div>
   <div class='ocr_carea' id='block_1_8' title="bbox 23 3210 90 3248">
    <p class='ocr_par' dir='ltr' id='par_1_8' title="bbox 23 3210 90 3248">
     <span class='ocr_line' id='line_1_28' title="bbox 23 3210 90 3248; baseline 0 0"><span class='ocrx_word' id='word_1_160' title='bbox 23 3210 90 3248; x_wconf 67' lang='lat'>1&gt;-</span> 
     </span>
    </p>
   </div>
   <div class='ocr_carea' id='block_1_9' title="bbox 138 2874 2277 3038">
    <p class='ocr_par' dir='ltr' id='par_1_9' title="bbox 138 2874 2277 3038">
     <span class='ocr_line' id='line_1_29' title="bbox 140 2874 2277 2943; baseline 0.001 -18"><span class='ocrx_word' id='word_1_161' title='bbox 140 2888 337 2926; x_wconf 88' lang='lat' dir='ltr'>annum</span> <span class='ocrx_word' id='word_1_162' title='bbox 378 2877 685 2927; x_wconf 90' lang='lat' dir='ltr'>currentem</span> <span class='ocrx_word' id='word_1_163' title='bbox 725 2875 1207 2940; x_wconf 86' lang='lat' dir='ltr'>perlustraverunt</span> <span class='ocrx_word' id='word_1_164' title='bbox 1247 2876 1470 2943; x_wconf 84' lang='lat' dir='ltr'>ejusque</span> <span class='ocrx_word' id='word_1_165' title='bbox 1509 2874 1916 2942; x_wconf 82' lang='lat' dir='ltr'>vegetationem</span> <span class='ocrx_word' id='word_1_166' title='bbox 1957 2875 2277 2940; x_wconf 90' lang='lat' dir='ltr'>explorave-</span> 
     </span>
     <span class='ocr_line' id='line_1_30' title="bbox 138 2969 2277 3038; baseline 0.001 -17"><span class='ocrx_word' id='word_1_167' title='bbox 138 2972 283 3035; x_wconf 86' lang='lat' dir='ltr'>runt,</span> <span class='ocrx_word' id='word_1_168' title='bbox 323 2969 495 3035; x_wconf 91' lang='lat' dir='ltr'>primo</span> <span class='ocrx_word' id='word_1_169' title='bbox 535 2971 654 3024; x_wconf 91' lang='lat' dir='ltr'>loco</span> <span class='ocrx_word' id='word_1_170' title='bbox 681 2970 994 3024; x_wconf 87' lang='lat' dir='ltr'>nominandi</span> <span class='ocrx_word' id='word_1_171' title='bbox 1021 2975 1149 3025; x_wconf 91' lang='lat' dir='ltr'>sunt</span> <span class='ocrx_word' id='word_1_172' title='bbox 1175 2971 1283 3026; x_wconf 91' lang='lat' dir='ltr'>viri</span> <span class='ocrx_word' id='word_1_173' title='bbox 1310 2971 1597 3025; x_wconf 88' lang='lat' dir='ltr'>clarissimi</span> <span class='ocrx_word' id='word_1_174' title='bbox 1624 2987 1688 3025; x_wconf 91' lang='lat' dir='ltr'>ac</span> <span class='ocrx_word' id='word_1_175' title='bbox 1714 2970 2032 3038; x_wconf 89' lang='lat' dir='ltr'>peritissimi</span> <span class='ocrx_word' id='word_1_176' title='bbox 2058 2971 2277 3024; x_wconf 82' lang='lat' dir='ltr'>HEGEL-</span> 
     </span>
    </p>
   </div>
   <div class='ocr_carea' id='block_1_10' title="bbox 122 3055 2273 3136">
    <p class='ocr_par' dir='ltr' id='par_1_10' title="bbox 122 3055 2273 3136">
     <span class='ocr_line' id='line_1_31' title="bbox 122 3055 2273 3136; baseline 0.001 -19"><span class='ocrx_word' id='word_1_177' title='bbox 122 3055 314 3129; x_wconf 69' lang='grc' dir='ltr'><strong>ΜΑΙΕΒ,</strong></span> <span class='ocrx_word' id='word_1_178' title='bbox 355 3066 638 3121; x_wconf 89' lang='lat' dir='ltr'>botanices</span> <span class='ocrx_word' id='word_1_179' title='bbox 677 3067 733 3120; x_wconf 90' lang='lat' dir='ltr'>in</span> <span class='ocrx_word' id='word_1_180' title='bbox 760 3067 1142 3121; x_wconf 90' lang='lat' dir='ltr'>Universitate</span> <span class='ocrx_word' id='word_1_181' title='bbox 1169 3068 1454 3136; x_wconf 86' lang='lat' dir='ltr'>Tubingae</span> <span class='ocrx_word' id='word_1_182' title='bbox 1493 3067 1788 3134; x_wconf 73' lang='lat' dir='ltr'>professor,</span> <span class='ocrx_word' id='word_1_183' title='bbox 1831 3067 1921 3134; x_wconf 91' lang='lat' dir='ltr'>qui</span> <span class='ocrx_word' id='word_1_184' title='bbox 1948 3067 2101 3120; x_wconf 89' lang='lat' dir='ltr'>annis</span> <span class='ocrx_word' id='word_1_185' title='bbox 2131 3069 2273 3121; x_wconf 85' lang='lat'>1873</span> 
     </span>
    </p>
   </div>
   <div class='ocr_carea' id='block_1_11' title="bbox 141 3162 2339 3233">
    <p class='ocr_par' dir='ltr' id='par_1_11' title="bbox 141 3162 2339 3233">
     <span class='ocr_line' id='line_1_32' title="bbox 141 3162 2339 3233; baseline 0.001 -19"><span class='ocrx_word' id='word_1_186' title='bbox 141 3165 199 3214; x_wconf 90' lang='lat' dir='ltr'>et</span> <span class='ocrx_word' id='word_1_187' title='bbox 239 3163 382 3215; x_wconf 83' lang='lat'>1878</span> <span class='ocrx_word' id='word_1_188' title='bbox 433 3163 628 3231; x_wconf 88' lang='lat' dir='ltr'>plagas</span> <span class='ocrx_word' id='word_1_189' title='bbox 679 3163 954 3218; x_wconf 89' lang='lat' dir='ltr'>littorales</span> <span class='ocrx_word' id='word_1_190' title='bbox 1005 3164 1163 3233; x_wconf 86' lang='lat' dir='ltr'>regni</span> <span class='ocrx_word' id='word_1_191' title='bbox 1213 3164 1480 3218; x_wconf 89' lang='lat' dir='ltr'>valentini</span> <span class='ocrx_word' id='word_1_192' title='bbox 1531 3163 1888 3218; x_wconf 87' lang='lat' dir='ltr'>australiores</span> <span class='ocrx_word' id='word_1_193' title='bbox 1929 3162 2274 3229; x_wconf 86' lang='lat' dir='ltr'>examinavit,</span> <span class='ocrx_word' id='word_1_194' title='bbox 2334 3198 2339 3204; x_wconf 91' lang='lat'><em>-</em></span> 
     </span>
    </p>
   </div>
   <div class='ocr_carea' id='block_1_12' title="bbox 27 3257 2275 3328">
    <p class='ocr_par' dir='ltr' id='par_1_12' title="bbox 27 3257 2275 3328">
     <span class='ocr_line' id='line_1_33' title="bbox 27 3257 2275 3328; baseline 0.001 -19"><span class='ocrx_word' id='word_1_195' title='bbox 27 3286 92 3326; x_wconf 65' lang='lat' dir='ltr'>m</span> <span class='ocrx_word' id='word_1_196' title='bbox 138 3257 343 3310; x_wconf 78' lang='lat' dir='ltr'>FRITZE</span> <span class='ocrx_word' id='word_1_197' title='bbox 385 3262 442 3311; x_wconf 91' lang='lat' dir='ltr'>et</span> <span class='ocrx_word' id='word_1_198' title='bbox 481 3259 773 3327; x_wconf 80' lang='lat' dir='ltr'>WINKLER,</span> <span class='ocrx_word' id='word_1_199' title='bbox 827 3260 1070 3314; x_wconf 89' lang='lat' dir='ltr'>botanici</span> <span class='ocrx_word' id='word_1_200' title='bbox 1121 3261 1383 3328; x_wconf 89' lang='lat' dir='ltr'>silesiaci,</span> <span class='ocrx_word' id='word_1_201' title='bbox 1437 3260 1527 3327; x_wconf 86' lang='lat' dir='ltr'>qui</span> <span class='ocrx_word' id='word_1_202' title='bbox 1577 3261 1763 3314; x_wconf 90' lang='lat' dir='ltr'>eodem</span> <span class='ocrx_word' id='word_1_203' title='bbox 1803 3276 1943 3314; x_wconf 90' lang='lat' dir='ltr'>anno</span> <span class='ocrx_word' id='word_1_204' title='bbox 1986 3262 2128 3314; x_wconf 81' lang='lat'>1873</span> <span class='ocrx_word' id='word_1_205' title='bbox 2166 3259 2275 3313; x_wconf 87' lang='lat' dir='ltr'>iter</span> 
     </span>
    </p>
   </div>
   <div class='ocr_carea' id='block_1_13' title="bbox 29 3345 106 3443">
    <p class='ocr_par' dir='ltr' id='par_1_13' title="bbox 29 3345 106 3443">
     <span class='ocr_line' id='line_1_34' title="bbox 29 3345 98 3386; baseline 0 0"><span class='ocrx_word' id='word_1_206' title='bbox 29 3345 98 3386; x_wconf 76' lang='lat' dir='ltr'>:D</span> 
     </span>
     <span class='ocr_line' id='line_1_35' title="bbox 33 3397 106 3443; baseline 0 -3"><span class='ocrx_word' id='word_1_207' title='bbox 33 3397 106 3443; x_wconf 71' lang='grc'><em>4</em></span> 
     </span>
    </p>
   </div>
   <div class='ocr_carea' id='block_1_14' title="bbox 139 3357 2275 3713">
    <p class='ocr_par' dir='ltr' id='par_1_14' title="bbox 139 3357 2275 3713">
     <span class='ocr_line' id='line_1_36' title="bbox 139 3357 2273 3426; baseline 0.001 -20"><span class='ocrx_word' id='word_1_208' title='bbox 139 3369 239 3419; x_wconf 91' lang='lat' dir='ltr'>per</span> <span class='ocrx_word' id='word_1_209' title='bbox 296 3370 524 3423; x_wconf 89' lang='lat' dir='ltr'>regnum</span> <span class='ocrx_word' id='word_1_210' title='bbox 588 3362 923 3424; x_wconf 89' lang='lat' dir='ltr'>granatense</span> <span class='ocrx_word' id='word_1_211' title='bbox 986 3357 1371 3425; x_wconf 84' lang='lat' dir='ltr'>regionemque</span> <span class='ocrx_word' id='word_1_212' title='bbox 1430 3357 1842 3426; x_wconf 87' lang='lat' dir='ltr'>gibraltaricam</span> <span class='ocrx_word' id='word_1_213' title='bbox 1899 3359 2273 3422; x_wconf 84' lang='lat' dir='ltr'>susceperunt,</span> 
     </span>
     <span class='ocr_line' id='line_1_37' title="bbox 139 3449 2275 3520; baseline 0 -18"><span class='ocrx_word' id='word_1_214' title='bbox 139 3449 381 3518; x_wconf 81' lang='lat' dir='ltr'>HACKEL,</span> <span class='ocrx_word' id='word_1_215' title='bbox 411 3452 686 3519; x_wconf 88' lang='lat' dir='ltr'>bohemus,</span> <span class='ocrx_word' id='word_1_216' title='bbox 715 3453 1000 3508; x_wconf 89' lang='lat' dir='ltr'>botanices</span> <span class='ocrx_word' id='word_1_217' title='bbox 1027 3453 1307 3520; x_wconf 88' lang='lat' dir='ltr'>professor</span> <span class='ocrx_word' id='word_1_218' title='bbox 1332 3453 1388 3506; x_wconf 92' lang='lat' dir='ltr'>in</span> <span class='ocrx_word' id='word_1_219' title='bbox 1416 3453 1613 3520; x_wconf 91' lang='lat' dir='ltr'>oppido</span> <span class='ocrx_word' id='word_1_220' title='bbox 1641 3453 1916 3507; x_wconf 85' lang='lat' dir='ltr'>austriaco</span> <span class='ocrx_word' id='word_1_221' title='bbox 1944 3452 2022 3506; x_wconf 84' lang='lat' dir='ltr'>St.</span> <span class='ocrx_word' id='word_1_222' title='bbox 2044 3452 2275 3505; x_wconf 91' lang='lat' dir='ltr'>Poelten</span> 
     </span>
     <span class='ocr_line' id='line_1_38' title="bbox 143 3545 2274 3617; baseline 0 -19"><span class='ocrx_word' id='word_1_223' title='bbox 143 3550 200 3598; x_wconf 92' lang='lat' dir='ltr'>et</span> <span class='ocrx_word' id='word_1_224' title='bbox 238 3548 622 3616; x_wconf 86' lang='lat' dir='ltr'>agrostologus</span> <span class='ocrx_word' id='word_1_225' title='bbox 663 3549 1063 3617; x_wconf 89' lang='lat' dir='ltr'>celeberrimus,</span> <span class='ocrx_word' id='word_1_226' title='bbox 1105 3549 1196 3615; x_wconf 88' lang='lat' dir='ltr'>qui</span> <span class='ocrx_word' id='word_1_227' title='bbox 1235 3565 1376 3603; x_wconf 86' lang='lat' dir='ltr'>anno</span> <span class='ocrx_word' id='word_1_228' title='bbox 1419 3551 1562 3604; x_wconf 85' lang='lat'>1876</span> <span class='ocrx_word' id='word_1_229' title='bbox 1601 3549 1656 3602; x_wconf 90' lang='lat' dir='ltr'>in</span> <span class='ocrx_word' id='word_1_230' title='bbox 1697 3547 1969 3602; x_wconf 89' lang='lat' dir='ltr'>consortio</span> <span class='ocrx_word' id='word_1_231' title='bbox 2002 3545 2274 3601; x_wconf 90' lang='lat' dir='ltr'>Winkleri</span> 
     </span>
     <span class='ocr_line' id='line_1_39' title="bbox 142 3641 2275 3713; baseline -0.001 -18"><span class='ocrx_word' id='word_1_232' title='bbox 142 3643 359 3696; x_wconf 90' lang='lat' dir='ltr'>easdem</span> <span class='ocrx_word' id='word_1_233' title='bbox 385 3643 638 3712; x_wconf 88' lang='lat' dir='ltr'>regiones</span> <span class='ocrx_word' id='word_1_234' title='bbox 668 3649 725 3698; x_wconf 93' lang='lat' dir='ltr'>et</span> <span class='ocrx_word' id='word_1_235' title='bbox 749 3650 939 3712; x_wconf 86' lang='lat' dir='ltr'>partes</span> <span class='ocrx_word' id='word_1_236' title='bbox 960 3645 1279 3700; x_wconf 87' lang='lat' dir='ltr'>Lusitaniae</span> <span class='ocrx_word' id='word_1_237' title='bbox 1307 3645 1570 3713; x_wconf 88' lang='lat' dir='ltr'>regnique</span> <span class='ocrx_word' id='word_1_238' title='bbox 1595 3644 1925 3712; x_wconf 88' lang='lat' dir='ltr'>legionensis</span> <span class='ocrx_word' id='word_1_239' title='bbox 1953 3641 2275 3709; x_wconf 87' lang='lat' dir='ltr'>exploravit,</span> 
     </span>
    </p>
   </div>
  </div>
 </body>
</html>
