2455 4033
1100 86 1218 142 151

244 240 432 285 23031258.
466 240 637 284 Salvia
675 241 866 285 triloba
904 240 954 283 L.
987 239 1047 283 fil.
1082 239 1250 294 suppl,
1294 240 1446 283 BOISs.
1490 238 1558 281 Fl.
1593 236 1752 280 orient.
1784 236 1865 289 IV,
1908 248 1948 290 p.
1982 234 2092 279 595!
2134 248 2229 279 var.

96 301 394 356 Calpeana
434 300 581 343 DAUT.
627 303 673 342 et
720 300 833 343 DEB.
879 300 1062 354 Synops.
1106 299 1148 342 fl.
1194 298 1387 341 Gibralt.
1429 311 1470 352 p.
1512 296 1596 340 161
1640 309 1675 339 c.
1720 296 1871 338 icone!
1943 295 2228 347 Frutescens,

95 359 255 414 1-1,5
276 373 321 402 m
352 358 469 413 alta,
510 358 634 402 foliis
667 371 803 413 supra
835 358 1031 412 villosis,
1065 358 1226 401 subtus
1258 356 1729 409 incano-tomentosis,
1764 352 1964 396 inferior.
1997 351 2230 407 petiolatis

94 419 273 475 rugosis
305 417 523 472 crenatis,
558 417 1042 474 oblongo-lanceolatis
1074 430 1114 459 v.
1149 415 1419 469 obcordatis,
1452 415 1647 471 integris
1679 417 1762 456 aut
1793 412 1893 456 basi
1925 411 2099 455 duobus
2132 425 2231 467 seg-

93 478 260 521 mentis
292 475 519 531 oppositis,
554 476 759 520 ovalibus
792 480 874 519 aut
906 475 1131 531 ellipticis,
1164 476 1317 530 parvis
1348 475 1550 529 munitis,
1583 473 1660 516 fol.
1684 473 1849 516 rameis
1879 471 2092 526 superior.
2116 469 2231 513 inte-

94 536 209 593 gris,
243 535 537 590 acuminatis;
569 534 907 579 verticillastris
939 534 1222 589 4—6-fioris,
1261 535 1309 576 in
1342 534 1488 588 spicas
1520 533 1681 588 longas
1712 533 1994 585 interruptas
2027 529 2233 583 aphyllas

95 595 346 650 dispositis,
390 594 595 648 viscosis,
640 595 838 638 bracteis
870 595 1022 649 parvis
1053 592 1407 637 membranaceis
1440 593 1644 647 caducis,
1689 590 1855 645 calycis
1887 587 2233 632 viscoso-villosi

94 654 273 698 laciniis
304 653 668 709 triangularibus
701 655 869 708 acutis,
915 653 1026 696 labii
1059 652 1302 707 superioris
1334 651 1477 695 multo
1509 650 1774 706 maj0ribus,
1816 648 1984 692 corolla
2016 647 2232 701 violacea,

95 714 248 768 calyce
279 712 417 767 triplo
450 713 666 768 longiore.

241 773 311 888 In)
328 772 611 827 rupestribus
644 771 843 818 declivit.
877 770 1170 814 occidentalis
1197 771 1363 813 montis
1387 768 1633 813 Gibraltar.
1659 768 1902 825 (DAUTEZ).
1928 791 1982 798 ——
2011 766 2062 820 ὴ.
2095 766 2124 810 J
2127 766 2234 808 unio

158 833 216 889 (n.
251 845 290 875 v.
317 866 324 873 .

239 890 355 934 Hab.
388 891 436 933 in
468 891 573 933 Ital.
608 893 765 944 austr..
800 888 934 945 Sicil,
968 889 1080 932 Asia
1111 887 1233 944 min.,
1275 888 1417 942 Syria.

241 964 370 1007 2304.
405 963 579 1008 Salvia
609 964 900 1008 Verbenaca
931 964 982 1006 L.
1208 996 1210 999 .

285 1032 327 1079 β.
363 1037 386 1066 0
399 1024 493 1066 blo
508 1037 538 1066 n
551 1023 679 1080 giso
693 1023 775 1066 lia
796 1024 913 1066 ΒΤΗ.
953 1022 1081 1065 Adde
1104 1021 1222 1064 loca:
1245 1022 1294 1063 in
1312 1019 1456 1063 Catal.
1480 1020 1527 1062 in
1551 1018 1724 1061 ditione
1741 1018 2005 1072 Ampurdan
2022 1017 2234 1075 (Ticino),

360 1084 408 1126 in
429 1084 630 1139 Aragon.
654 1096 718 1137 pr.
742 1081 1024 1125 Castelseras
1056 1082 1103 1123 in
1128 1080 1240 1123 colle
1263 1080 1438 1123 Cabezo
1461 1079 1515 1122 de
1542 1078 1634 1121 Sta.
1658 1077 1864 1121 Barbara
1888 1077 2061 1133 (Losc.!
2086 1075 2234 1132 1875).

360 1143 580 1186 Provenit
612 1143 750 1185 etiam
781 1141 830 1183 in
861 1154 984 1196 prov.
1018 1139 1186 1194 Gadit.,
1221 1139 1300 1182 ubi
1331 1139 1420 1182 huc
1451 1138 1560 1181 111110
1593 1137 1797 1180 abundat
1829 1137 1959 1193 (PER.
1993 1135 2155 1191 LARA).

286 1220 326 1259 y.
361 1215 462 1256 pra
477 1215 616 1245 ecox
637 1200 748 1244 LGE.
773 1201 832 1258 (S.
859 1199 1143 1243 clandestina
1166 1198 1250 1255 L.).
1302 1199 1457 1241 Etiam
1478 1197 1526 1240 in
1548 1210 1690 1253 regno
1713 1196 1895 1239 Valent.
1920 1196 2000 1252 (pr.
2027 1194 2234 1251 Segorbe,

359 1262 470 1315 PAU,
503 1260 783 1314 Benitachel,
818 1260 859 1303 S.
892 1259 1088 1314 Nic-olas,
1122 1258 1287 1315 ROUY).

243 1319 472 1364 Observ.
527 1320 590 1363 Cl.
614 1320 747 1364 Rom(
780 1320 958 1376 (Mater.
992 1332 1106 1373 pour
1138 1319 1182 1360 la
1217 1317 1260 1360 fl.
1286 1320 1401 1372 port.
1425 1317 1460 1370 I,
1494 1330 1534 1370 p.
1560 1314 1655 1371 211)
1689 1314 1737 1357 in
1767 1314 1980 1357 varietat.
2015 1331 2055 1367 cc,
2089 1321 2119 1367 β
2140 1315 2185 1355 et
2207 1329 2238 1369 y

151 1379 304 1433 plures
345 1380 514 1434 species
554 1379 667 1423 bene
699 1379 942 1422 distinctas
973 1377 1197 1420 immerito
1232 1379 1472 1433 congestas
1506 1388 1602 1418 esse
1635 1376 1801 1427 censet,
1835 1386 1992 1427 nempe
2026 1373 2066 1416 S.
2100 1373 2174 1415 Ve
2187 1385 2236 1413 1·-

152 1439 374 1481 benaca
406 1440 472 1493 L.,
507 1438 548 1481 S.
582 1437 1054 1481 verbenacoides
1085 1438 1277 1491 Pomm,
1313 1437 1353 1479 S.
1389 1435 1716 1490 oblongata
1746 1434 1894 1486 VAHL,
1929 1431 2235 1475 801311ᾱο-

152 1499 314 1541 stina
355 1498 405 1541 L.
449 1498 508 1554 (S.
542 1497 846 1541 horminoides
886 1498 972 1541 GR.
1007 1497 1154 1541 GODR.
1196 1509 1288 1539 non
1325 1493 1524 1550 Potina.)
1568 1498 1613 1537 et
1657 1493 1697 1536 S.
1731 1490 2042 1535 multifida
2081 1491 2235 1535 SIBTH.

151 1570 394 1612 earumque
427 1556 710 1600 differentias
734 1556 963 1612 specificas
986 1555 1183 1611 exponit.
1238 1555 1324 1599 Sed
1348 1567 1499 1598 omnes
1520 1553 1605 1596 hae
1628 1553 1692 1596 sic
1716 1553 1864 1595 dictae
1889 1550 2057 1605 species
2079 1549 2237 1592 formis

151 1617 433 1660 intermediis
465 1620 721 1660 transeunt.

150 1750 163 1792 Ι
241 1691 369 1793 2395.
398 1690 578 1807 >Salvia
610 1693 942 1735 controversa
975 1691 1089 1734 TEN.
1154 1691 1308 1734 Etiam
1351 1690 1398 1732 in
1432 1688 1644 1732 Serrania
1688 1687 1741 1729 de
1775 1684 1955 1728 Cuenca
1987 1684 2069 1742 (pr.
2103 1684 2239 1727 Casa-

91 1764 145 1805 po
168 1763 240 1804 au,
318 1764 395 1793 IEK
419 1785 426 1793 .

589 1824 827 1879 Species
860 1824 1216 1867 introducta
1248 1824 1520 1866 incertae
1555 1821 1737 1864 sedis:

242 1913 470 1957 *2305b12.
505 1914 676 1958 Salvia
699 1914 940 1959 Grahami
960 1915 1076 1958 BTH.
1101 1927 1171 1968 ap.
1195 1911 1286 1956 DC.
1311 1913 1469 1956 Prodr.
1493 1911 1609 1965 XII,
1640 1910 1742 1953 Bot.
1767 1910 1879 1964 Reg.
1904 1907 2026 1962 XVI,
2050 1910 2083 1948 t.
2108 1904 2236 1948 1370.

93 1973 252 2017 Frutic
284 1987 347 2030 sa,
380 1974 518 2016 ramis
551 1974 724 2030 glabris
757 1988 797 2017 v.
831 1973 1096 2017 tenuissime
1129 1972 1345 2016 bifariam
1368 1970 1744 2027 pubescentibus3
1777 1968 1854 2011 fol.
1878 1966 2112 2022 petiolatis
2136 1979 2239 2008 ova-

92 2034 210 2076 libus
300 2032 429 2087 tusis,
464 2033 563 2076 basi
595 2034 856 2076 rotundatis
888 2047 928 2076 v.
960 2033 1178 2085 cuneatis,
1211 2031 1357 2075 medio
1380 2030 1699 2087 irregulariter
1722 2028 1933 2082 crenatis,
1968 2025 2238 2082 subglabris,

92 2092 325 2136 floralibus
358 2093 505 2136 ovatis
538 2094 809 2136 acuminatis
844 2092 1012 2136 ciliatis
1046 2092 1271 2147 deciduis,
1304 2090 1496 2134 racemis
1529 2089 1769 2145 elongatis,
1803 2086 2142 2130 verticillastris
2173 2084 2239 2127 bi-

92 2152 228 2206 fioris,
264 2151 417 2206 calyce
438 2152 651 2196 tubuloso
676 2154 853 2207 striato,
888 2152 1039 2196 nervis
1063 2150 1424 2206 pubescentibus,
1456 2149 1669 2193 dentibus
1693 2147 1866 2200 acutis;
1900 2145 2067 2189 corolla
2090 2144 2240 2198 calyce

92 2212 226 2313 (lluplo
259 2211 476 2267 longiore,
512 2215 643 2255 extus
677 2212 850 2268 glabra,
885 2212 994 2255 tubo
1030 2214 1207 2254 exserto
1240 2210 1509 2264 ventricoso,
1542 2207 1663 2252 labio
1696 2206 1912 2250 inferiore
1945 2205 2079 2261 galea
2103 2203 2239 2257 duplo

114 2284 312 2328 onglore.
615 2307 618 2310 .

242 2330 482 2384 Subspont.
517 2344 581 2385 pr.
615 2330 803 2388 Malaga
839 2331 1094 2388 (REvERoH.
1130 2329 1275 2385 1887).
1311 2354 1366 2360 -—
1400 2328 1456 2383 ὴ.
1491 2328 1598 2382 Apr.
1634 2326 1694 2383 (n.
1728 2325 1802 2382 v.).

242 2390 358 2432 Hab.
392 2390 439 2432 in
471 2389 659 2433 Mexico.

927 2464 1169 2520 Species
1202 2463 1402 2506 dubia:

242 2552 414 2597 Salvia
455 2553 815 2609 approximata
857 2555 957 2597 PAU
998 2555 1102 2598 Not.
1143 2553 1234 2597 bot.
1277 2553 1323 2608 I,
1367 2566 1408 2607 p.
1451 2551 1497 2595 7!
1566 2548 1892 2608 „Suffruticosa
1935 2547 2073 2590 ramis
2116 2546 2239 2589 albo-

90 2614 379 2666 tomentosis,
414 2615 552 2668 cymis
585 2614 933 2668 approximatis,
967 2614 1103 2656 breve
1135 2612 1456 2668 pedunculatis
1489 2614 1534 2654 et
1566 2609 1833 2665 pedunculis
1865 2606 2131 2661 virentibus,
2166 2619 2238 2648 ca-

92 2672 266 2726 lycibus
309 2674 448 2716 etiam
487 2672 764 2729 virentibus,
809 2673 1114 2729 glandulosiS,
1159 2670 1590 2729 glabrescentibus.“
1657 2668 1824 2712 Affinis
1858 2667 1898 2711 S.
1931 2668 2239 2721 Hispanorum

91 2733 205 2776 LAG.
239 2731 284 2788 (i.
320 2746 355 2775 e.
392 2733 433 2775 S.
467 2732 856 2776 lavandulaefolia
888 2732 1052 2789 VAHL),
1088 2732 1216 2788 cujus
1246 2731 1544 2787 probabiliter
1575 2728 1791 2773 varietas.

151 2792 296 2908 188131
339 2791 528 2835 collibus
564 2792 826 2848 Aragoniae
869 2806 933 2847 pr.
969 2793 1065 2836 Gea
1108 2792 1162 2835 de
1194 2791 1466 2835 Albarracin
1508 2789 1566 2832 ad
1608 2789 1688 2832 alt.
1723 2786 1906 2830 1100m
1937 2786 2074 2844 (PAU,
2118 2785 2238 2840 Aug.

242 2853 299 2894 6.
334 2876 389 2882 -—
422 2852 478 2906 ὴ.
513 2852 573 2909 (n.
606 2851 681 2909 v.).

243 2925 372 2969 2306.
405 2925 676 2982 Ziziphora
706 2926 974 2982 hispanica
1005 2927 1056 2970 L.
1120 2926 1340 2969 Provenit
1375 2925 1424 2967 in
1455 2937 1596 2981 regno
1629 2922 1770 2967 Murc.
1806 2921 1906 2979 (int.
1939 2919 2160 2964 Balazote
2193 2919 2239 2961 et

93 2984 326 3041 Albacete,
359 2986 524 3029 PORTA
556 2989 602 3029 et
633 2987 766 3041 R1Go,
801 2986 931 3042 1891,
966 2999 1057 3030 exs.
1093 2999 1135 3029 n.
1169 2985 1313 3042 3341).

242 3059 371 3102 2310.
405 3059 604 3115 Nepeta
635 3060 877 3105 tuberosa
908 3062 959 3105 L.
996 3061 1124 3116 (excl.
1159 3073 1254 3115 syn.
1288 3057 1537 3116 Bao'rnm).
1600 3057 1729 3100 Adde
1761 3057 1883 3100 loca:
1925 3053 2075 3098 Sierra
2108 3052 2162 3095 de
2194 3051 2240 3094 la

93 3118 360 3161 Fuensanta
400 3133 465 3174 pr.
499 3119 639 3163 Mure.
675 3120 854 3177 (PORTA
895 3123 941 3163 et
973 3120 1113 3174 Rmo,
1158 3118 1315 3176 1890),
1362 3119 1512 3162 Sierra
1555 3117 1609 3160 de
1649 3117 1784 3173 Mijas
1827 3118 1874 3159 et
1916 3114 1957 3157 S.
1991 3113 2046 3156 de
2077 3111 2240 3156 Ronda

93 3178 350 3234 (REVERcH.
385 3178 522 3232 1888,
556 3178 656 3236 89);
698 3180 747 3222 in
790 3179 936 3223 collib.
969 3193 1035 3235 pr.
1069 3179 1230 3222 Alcala
1263 3179 1318 3222 de
1350 3178 1416 3222 los
1449 3178 1667 3231 Gazules,
1709 3177 1793 3219 int.
1826 3176 1970 3219 Areos
2003 3176 2049 3216 et
2080 3171 2238 3227 Algar,

93 3250 127 3280 0.
162 3237 296 3282 Jerez
329 3237 462 3294 (PER.
495 3238 660 3295 LARA).

245 3295 476 3341 Observ.
530 3298 583 3341 N.
616 3299 890 3342 violacea
921 3299 1066 3342 Bno'r.
1103 3310 1187 3342 sec.
1223 3297 1274 3341 cl.
1308 3296 1440 3341 Rom(
1474 3295 1674 3353 (MATER.
1707 3293 1752 3339 fl.
1785 3296 1901 3350 port.
1933 3292 1970 3348 I,
2004 3305 2044 3346 p.
2078 3290 2134 3334 32
2149 3289 2177 3346 !)
2211 3302 2239 3331 a

151 3355 203 3399 N.
237 3355 454 3400 tuberosa
485 3357 536 3400 L.
582 3357 785 3412 specifice
829 3357 1050 3401 distincta
1092 3361 1139 3401 et
1181 3357 1240 3399 ad
1281 3357 1334 3400 N.
1369 3355 1762 3400 lusitanicam
1800 3367 1843 3396 n.
1877 3365 1942 3408 sp.
1983 3351 2052 3408 (N.
2085 3348 2240 3392 multi-

151 3414 436 3459 bracteatam
467 3417 646 3460 HFFGG.
678 3417 763 3461 LK.
797 3429 889 3460 non
920 3416 1083 3474 DESF.)
1115 3415 1356 3460 referenda
1389 3418 1471 3459 est.
1646 3429 1649 3432 ’

242 3488 372 3532 2311.
416 3488 616 3544 Nepeta
661 3490 937 3535 reticulata.
978 3491 1120 3535 DESF.
1194 3489 1346 3533 Adde:
1397 3488 1549 3532 Sierra
1595 3487 1650 3531 de
1691 3484 1893 3530 Alfacar.
1935 3497 2001 3538 pr.
2048 3481 2239 3525 Granat.

94 3548 322 3604 (W1NK1..!
358 3547 506 3606 1873),
540 3549 692 3593 Sierra
724 3551 779 3593 de
802 3551 976 3607 Segura
1009 3550 1189 3607 (PORTA
1213 3552 1260 3593 et
1280 3549 1414 3603 Rmo,
1449 3546 1597 3604 1890).
1649 3545 1863 3589 Indicata
1885 3544 2024 3588 etiam
2044 3542 2094 3585 in
2114 3553 2238 3596 prov.

93 3606 246 3651 Gadit.
281 3607 434 3665 (Dur.)
468 3612 515 3651 et
546 3607 794 3653 Gibraltar.
828 3609 1006 3668 (Onam.)
1039 3609 1118 3654 sed
1149 3608 1401 3652 recentiore
1432 3610 1634 3662 tempore
1665 3606 1760 3649 illic
1790 3616 1882 3647 non
1914 3602 2168 3646 observata.

243 3680 372 3724 2312.
405 3681 603 3738 Nepete,
632 3682 831 3739 Apuleji
861 3683 975 3728 Uen.
1040 3683 1250 3729 Occurrit
1282 3683 1422 3726 etiam
1452 3682 1500 3725 in
1531 3693 1655 3736 prov.
1690 3679 1843 3724 Gadit.
1878 3677 1960 3734 (pr.
1993 3675 2035 3720 S.
2067 3675 2238 3728 quue,

93 3739 258 3796 DAUT,
291 3741 376 3785 int.
410 3740 608 3796 Ubrique
641 3746 688 3785 et
719 3742 891 3798 Cortes,
924 3743 1038 3787 PER.
1072 3742 1237 3799 LARA).
