2455 4033
1107 60 1229 115 115

244 220 299 262 In
319 218 520 273 Aragon.
540 215 729 259 austral.
748 215 796 258 in
820 215 912 258 solo
937 214 1222 270 salsuginoso
1246 213 1393 257 sterili
1415 213 1497 270 (pr.
1518 211 1796 256 Castelseras
1819 225 1875 256 en
1898 212 1939 255 el
1955 212 2054 256 Mas
2076 212 2234 257 blanco

153 278 314 332 frequ,
346 275 542 331 Losc.!).
1011 280 1013 283 ⁴

244 342 373 387 1827.
407 341 636 385 Sonchus
668 339 958 383 maritimus
990 340 1040 382 L.
1094 339 1312 382 Provenit
1345 339 1484 381 etiam
1515 337 1563 381 in
1585 338 1785 394 Aragon.
1820 338 2013 380 australi
2045 338 2111 394 (in
2143 339 2236 381 solo

89 402 382 458 ‘salsuginoso
414 400 596 443 humido
631 400 688 442 ad
720 400 842 453 ripas
874 399 1140 441 lacunarum
1171 397 1395 440 salsarum
1427 411 1491 452 pr.
1515 397 1742 452 Chiprana
1774 402 1821 440 et
1842 397 1984 451 Caspe
2018 400 2152 451 atque
2181 399 2238 441 ad

93 460 368 516 Ebro-Viejo
402 473 466 514 pr.
501 459 809 514 Saragossam,
843 457 1010 514 Loso.)
1074 456 1310 500 Iudicatus
1344 456 1451 499 olim
1484 457 1622 500 etiam
1653 470 1717 511 pr.
1750 456 1852 498 Pto.
1887 456 1941 498 de
1974 456 2068 499 Sta.
2091 457 2239 499 Maria

94 519 382 578 (GUTIERR)

243 589 264 631 ἱ)
298 585 486 629 1827ὸ13.
531 583 762 628 8011011115
802 582 1026 627 Loscosii
1058 581 1164 625 WK.
1212 581 1270 623 ad
1310 582 1392 624 int.
1436 581 1495 638 (S.
1530 582 1816 625 maritimus?
1850 580 1984 626 Losc.
2019 580 2146 624 Trat.
2179 581 2237 636 pl.

86 647 235 702 Arag.
269 647 314 699 Ι,
358 659 400 700 p.
434 643 545 699 361).
609 641 777 686 Differt
809 656 837 685 a
867 641 1070 697 praeced.
1105 641 1252 683 colore
1294 641 1452 694 viridi,
1497 640 1625 683 caule
1667 640 1984 696 polycephalo,
2028 639 2239 684 calathiis

90 706 229 760 duplo
253 704 310 762 (22)
331 702 593 756 minoribus,
629 702 825 755 squamis
855 700 1280 744 ovato-lanceolatis
1312 700 1596 754 bracteisque
1627 700 1833 756 margine
1857 699 2239 754 diaphano-mem-

89 765 344 808 branaceis.
409 762 601 806 Constat
635 761 811 804 duabus
844 760 1026 803 formis:

289 841 330 866 α.
364 822 489 864 inte
503 819 795 877 grifolius
817 820 951 863 Losc.
975 819 1168 876 (Exsicc.
1191 831 1234 861 n.
1255 817 1343 873 53),
1377 817 1501 860 foliis
1524 822 1721 873 anguste
1745 818 2013 862 lanceolatis
2035 832 2075 862 v.
2100 819 2239 862 linea-

364 881 501 935 ribus,
535 880 807 935 praelongis,
832 879 1039 934 integris,
1064 877 1276 920 calathiis
1298 876 1459 930 4—12‚
1484 877 1714 920 achaeniis
1738 877 2039 931 sublaevibus,
2064 878 2240 922 inferne

362 939 817 995 quadrangularibus,
841 937 1206 991 quadricostatis,
1231 936 1334 979 aliis
1359 935 1600 992 (plurimis)
1622 935 1863 991 fertilibus,
1887 937 1986 980 basi
2003 939 2240 993 conspicue

362 999 752 1053 quadridentatis,
796 997 899 1040 aliis
932 996 1122 1054 (paucis)
1157 995 1389 1039 sterilibus
1421 996 1526 1038 inde
1560 995 1617 1037 ab
1658 996 1783 1049 apice
1828 996 1885 1038 ad
1929 997 2058 1039 basin
2101 1010 2240 1051 usque

363 1058 653 1111 incrassatis;
706 1087 708 1089 »

289 1127 329 1174 β.
363 1116 639 1173 pinnatis
648 1117 782 1159 idus
815 1116 949 1158 Loso.
984 1114 1176 1171 (Exsicc.
1210 1127 1253 1156 n.
1287 1113 1383 1170 54),
1416 1113 1539 1156 foliis
1571 1112 2141 1170 pinnatifido-runcinatis,
2176 1115 2240 1158 la-

364 1178 494 1220 ciniis
517 1176 650 1219 valde
671 1174 999 1229 inaequalibus,
1033 1174 1244 1216 calathiis
1267 1174 1413 1229 magis
1437 1174 1699 1223 numerosis,
1730 1173 1960 1216 achaeniis
1982 1178 2241 1218 transverse

364 1237 544 1292 rugosis
575 1236 815 1290 praecipue
847 1246 1005 1277 versus
1037 1233 1188 1288 basin,
1231 1237 1431 1276 ceterum
1463 1232 1668 1288 granulis
1701 1234 2001 1286 exasperatis,
2036 1233 2241 1287 plurimis

366 1295 620 1348 sterilibus,
667 1293 1026 1348 columnaribus,
1073 1305 1210 1346 supra
1243 1293 1374 1335 basin
1406 1292 1670 1347 angustatis
1704 1295 1750 1334 et
1789 1291 1887 1334 basi
1929 1293 1978 1334 in
2024 1293 2243 1335 annulum

365 1355 585 1410 dilatatis,
614 1352 844 1397 fertilibus
866 1353 1035 1407 paucis,
1060 1352 1158 1394 basi
1182 1351 1380 1394 obsolete
1403 1351 1780 1405 quadridentatis.
1824 1351 1996 1394 Planta
2017 1352 2240 1406 humilior,

364 1427 595 1456 ramosior.

245 1474 300 1517 In
332 1475 533 1529 Aragon.
568 1472 786 1527 australi,
831 1489 871 1515 α.
904 1485 968 1526 ΡΥ.
1004 1469 1283 1514 Castelseras
1316 1470 1374 1512 ad
1413 1470 1536 1523 ripas
1579 1469 1622 1512 fi.
1657 1469 1943 1524 Guadalope,
1988 1470 2094 1512 hinc
2136 1471 2241 1513 inde

151 1532 325 1589 ·frequ.,
370 1541 411 1587 β.
445 1533 612 1576 ibidem
645 1533 701 1574 ad
733 1531 944 1574 lacunam
976 1530 1116 1573 Balsa
1150 1531 1203 1572 de
1238 1529 1413 1573 Sancho
1448 1529 1495 1571 in
1528 1530 1818 1572 extremitate
1850 1528 2066 1572 inferiore
2108 1530 2242 1573 vallis

157 1593 211 1636 de
244 1592 498 1636 Sanchisun
531 1591 756 1648 (Loscos).
795 1616 845 1621 -
883 1601 926 1641 21.
960 1591 1021 1644 (n.
1055 1589 1129 1645 v.).

248 1651 482 1695 Observ.
546 1652 760 1694 Fortasse
795 1650 995 1704 subspee.
1031 1650 1071 1692 S.
1105 1649 1324 1691 maritimi
1364 1651 1446 1690 aut
1488 1648 1635 1702 proles
1678 1647 1869 1702 hybrida
1911 1649 1994 1691 int.
2037 1648 2156 1692 1111110
2198 1653 2244 1692 et

159 1712 199 1755 S.
236 1711 494 1765 aquatilem.

247 1777 373 1820 1828.
408 1777 635 1822 8011011115
659 1776 901 1832 aquatilis
924 1777 1100 1819 Pomm.
1150 1774 1385 1818 Observ.
1430 1774 1501 1817 Ad
1533 1774 1650 1816 hanc
1682 1775 1874 1828 speciem
1905 1776 2097 1818 maxime
2120 1776 2243 1830 poly-

91 1838 330 1892 morpham
360 1837 625 1880 referendus
659 1841 728 1879 est
761 1837 900 1879 etiam
933 1836 974 1879 S.
1008 1834 1418 1878 hieracioides
1451 1833 1557 1876 WK.
1592 1834 1767 1890 (Prodr.
1802 1847 1845 1876 n.
1881 1833 2036 1889 1829),
2071 1836 2147 1888 qui
2178 1835 2243 1877 nil

100 1901 170 1940 est
201 1898 291 1939 nisi
321 1895 468 1939 forma
501 1896 628 1939 caule
662 1895 971 1951 oligocephalo
1005 1895 1065 1952 (8.
1100 1893 1372 1949 pauciflorus
1404 1893 1675 1949 ECHEAND.)
1741 1893 1887 1948 Stirps
1920 1908 1947 1936 a
1979 1894 2031 1936 cl.
2066 1895 2242 1938 Loscos

98 1957 147 1998 in
170 1957 296 1999 Trat.
320 1956 378 2010 pl.
402 1957 542 2012 Arag.
575 1957 610 2011 Ι,
645 1969 685 2009 p.
710 1954 767 1996 35
801 1960 846 1998 et
867 1955 950 2008 ΙΠ,
985 1968 1025 2009 p.
1052 1954 1108 1996 43
1143 1954 1207 2010 (111
1240 1958 1476 1996 comment.
1510 1952 1605 1996 fior.
1631 1953 1987 2009 Saragossonae)
2021 1953 2103 1996 sub
2126 1966 2241 1996 nom.

98 2016 141 2058 S.
166 2016 452 2058 hieracioidis
485 2015 711 2069 descripta
742 2014 995 2068 ipsissimus
1028 2017 1097 2056 est
1121 2013 1161 2055 S.
1187 2012 1513 2066 aquatilis,
1547 2012 1623 2066 qui
1643 2013 1692 2055 in
1714 2013 1823 2055 locis
1845 2012 2089 2068 pinguibus
2113 2013 2243 2056 valde

99 2088 303 2118 ramosus
337 2080 383 2118 et
414 2074 734 2130 polycephalus
767 2074 922 2116 evadit
963 2078 1009 2116 et
1048 2086 1221 2127 semper
1253 2072 1426 2128 gaudet
1458 2073 1585 2114 venis
1618 2071 1830 2115 foliorum
1861 2072 2116 2115 reticulatis
2150 2072 2244 2115 dia-

97 2135 274 2189 phanis.

247 2189 660 2247 Frequentissimus
691 2194 740 2235 in
772 2193 973 2248 Aragon.
1007 2191 1222 2234 inferiore
1256 2191 1315 2234 ad
1345 2192 1468 2245 ripas
1508 2189 1747 2233 fluviorum
1792 2196 1835 2234 et
1880 2191 2244 2244 aquaeductuum

158 2257 295 2307 atque
326 2254 374 2295 in
406 2253 516 2295 locis
548 2253 757 2302 humidis,
791 2253 902 2295 item
932 2252 981 2294 in
1003 2251 1148 2294 Catal.
1183 2251 1242 2293 ad
1274 2251 1396 2305 ripas
1417 2250 1538 2293 Iberi
1571 2254 1616 2293 et
1649 2250 1770 2304 alibi,
1806 2253 1940 2304 atque
1968 2251 2016 2292 in
2037 2251 2245 2294 Navarra

159 2314 321 2355 orient.
357 2311 575 2367 (CASAV.)
628 2313 684 2355 In
717 2311 810 2354 solo
846 2311 1130 2367 salsuginoso
1165 2310 1275 2353 duro
1310 2315 1368 2367 (v.
1403 2323 1438 2352 0.
1475 2310 1532 2352 ad
1552 2309 1826 2363 Ebro-Viejo
1859 2323 1923 2364 pr.
1949 2310 2245 2366 Saragossam

159 2373 310 2415 variat
343 2371 465 2414 foliis
498 2372 713 2414 coriaceis
745 2372 910 2413 crassis
945 2370 1173 2426 (Loscos).

250 2445 378 2488 1832.
413 2445 643 2489 Sonchus
676 2445 984 2489 tenerrimus
1017 2444 1067 2487 L.

293 2515 334 2561 β.
370 2505 772 2561 glandulosus
815 2506 928 2548 LGF..
992 2505 1148 2547 Etiam
1188 2503 1237 2545 in
1278 2515 1401 2557 prov.
1436 2503 1588 2546 Gadit.
1635 2502 1716 2559 (pr.
1749 2502 2010 2558 Algeciras,
2045 2504 2244 2556 men„

368 2566 562 2620 Jimena,
596 2566 711 2608 PER.
746 2564 910 2621 LARA).

292 2642 333 2682 y.
369 2624 724 2679 spinulosus
756 2624 869 2668 LGE.
935 2624 1118 2678 Quoque
1150 2623 1198 2665 in
1231 2635 1372 2678 regno
1406 2621 1589 2666 Valent.
1625 2621 1706 2678 (pr.
1741 2622 1912 2676 Jativa,
1947 2623 2109 2678 Rom).

251 2683 292 2727 b.
326 2685 610 2738 perennis
642 2684 754 2726 LGE.

248 2744 304 2786 In
335 2756 476 2799 regno
498 2743 601 2787 Val.
637 2743 718 2800 (pr.
753 2743 900 2786 Denia
934 2742 992 2785 ad
1026 2742 1067 2785 S.
1101 2740 1296 2795 Nicolas,
1330 2739 1482 2796 Hifac,
1515 2739 1678 2797 Rom),
1713 2741 1904 2785 Granat.
1939 2742 2022 2798 (pr.
2046 2741 2248 2785 Almeria

160 2803 281 2846 inter
313 2803 498 2857 Cactos,
532 2803 696 2847 PORTA
727 2806 774 2845 et
805 2803 950 2857 Rieo,
991 2800 1148 2857 1890),
1195 2800 1443 2843 Gibraltar.
1478 2799 1655 2857 (Ka),
1698 2800 1819 2843 inter
1851 2801 1893 2844 S.
1928 2801 2168 2844 Fernando
2202 2806 2248 2844 et

161 2862 300 2905 Cadiz
332 2863 464 2919 (PER.
499 2862 663 2918 LARA).

251 2935 438 2984 1832bis,
472 2935 702 2979 Sonchus
735 2934 1163 2979 zollikoferioides
1196 2935 1327 2978 Rom(
1359 2934 1467 2977 Exc.
1501 2934 1560 2989 II,
1594 2947 1635 2989 p.
1672 2933 1750 2977 73¹.
1813 2934 2107 2990 Multioaulis,
2142 2948 2247 2977 cau-

100 2995 220 3039 libus
242 2996 404 3039 erectis
427 2995 687 3051 gracilibus,
712 2995 889 3039 10-20
907 3008 975 3038 cm
997 2995 1040 3048 1.,
1065 2994 1256 3047 striatis,
1280 2992 1403 3036 foliis
1426 2994 1604 3049 crassis,
1629 2993 2037 3050 glaucescentibus,
2062 2993 2246 3050 glabris,

101 3055 306 3109 plurimis
338 3055 636 3110 basilaribus,
668 3054 925 3110 petiolatis,
959 3054 1302 3109 pinnatisectis,
1347 3053 1505 3096 rhachi
1538 3058 1738 3110 angusta
1769 3053 1956 3109 lineari,
2002 3053 2248 3110 segmentis

101 3118 298 3170 anguste
330 3114 592 3170 linearibus,
625 3114 942 3169 suboppositis,
975 3114 1207 3168 retrorsis,
1241 3113 1436 3168 integris
1468 3115 1551 3156 aut
1581 3113 1730 3156 rarius
1761 3112 1861 3156 basi
1893 3112 2246 3167 1—2-dentatis,

102 3173 315 3233 dentibus
347 3175 682 3230 segmentisque
704 3173 1186 3226 calloso-mucronatis,
1220 3172 1437 3216 caulinor.
1460 3171 1711 3216 mediorum
1731 3172 1898 3227 petiolo
1921 3171 2021 3216 basi
2038 3172 2246 3226 dilatato.

101 3233 711 3288 auriculato-amplexicauli‚
747 3233 964 3276 auriculis
985 3232 1274 3285 rotundatis;
1307 3230 1519 3274 calathiis
1541 3231 1643 3274 laxe
1665 3231 1952 3287 corymbosis,
1975 3231 2246 3286 paucifloriS.

100 3292 354 3347 pedunculo
388 3292 602 3348 elongato
636 3293 773 3336 dense
806 3292 1076 3349 glanduloso
1109 3289 1324 3346 suffultis,
1359 3291 1556 3345 squamis
1589 3291 1797 3334 anthodii
1827 3290 2247 3334 lanceolato-linea-

101 3351 240 3407 ribus,
272 3351 626 3406 pulverulentis;
658 3351 890 3395 achaeniis
922 3351 1090 3406 pallide
1112 3350 1265 3404 fuscis,
1300 3349 1737 3407 obovato-oblongis,
1771 3351 1973 3394 tenuiter
1994 3349 2246 3404 costulatis,

103 3411 345 3467 rugulosis.
379 3436 436 3442 —
467 3411 667 3454 Habitus
699 3410 1148 3454 Zollikoferiae
1178 3408 1584 3453 resedifoliae
1616 3410 1746 3455 Coss,

251 3471 308 3514 In
338 3483 480 3527 regno
512 3471 654 3514 Murc.
698 3471 764 3529 (in
797 3470 1098 3527 salsuginosis
1139 3470 1261 3512 inter
1294 3469 1476 3513 Totana
1518 3472 1566 3512 et
1596 3469 1767 3525 Loroa,
1810 3469 1966 3524 RouY,
2013 3467 2159 3526 1881).
2193 3494 2248 3498 —

165 3531 218 3583 (ζ.
251 3543 292 3572 v.
329 3540 374 3581 21.
447 3555 449 3557 -

254 3594 384 3640 1833.
417 3595 647 3641 8011011115
686 3596 984 3651 pustulatus
1017 3595 1123 3639 WK.
1188 3594 1395 3639 Occurrit
1435 3607 1608 3651 quoque
1650 3597 1699 3639 111
1741 3595 1861 3640 valle
1902 3595 2134 3638 Barranco
2178 3595 2251 3638 del

104 3654 318 3698 Caballar
339 3669 404 3710 pr.
427 3655 630 3699 Almeria
651 3656 711 3698 ad
731 3668 866 3710 rupes
887 3659 1160 3710 praeruptas
1183 3654 1381 3712 (HUTER,
1406 3653 1585 3712 Ponu,
1606 3656 1740 3710 R1eo,
1776 3653 1904 3710 1879,
1929 3667 2020 3698 exs.
2044 3667 2088 3698 n.
2113 3652 2249 3706 1097!

99 3718 154 3757 -et
183 3714 344 3758 Pom
376 3717 423 3758 et
453 3715 586 3771 Rteo,
621 3713 751 3771 1890,
787 3727 878 3759 exs.
913 3728 957 3761 n.
992 3713 1134 3771 1381).

1892 3786 1957 3830 8*
