2455 4033
1257 190 1379 245 290

449 359 489 405 β.
523 347 942 392 tonientellum
974 346 1078 387 xNK.
1141 342 1268 385 Adde
1301 341 1419 384 loca:
1462 339 1652 383 Rambla
1685 339 1739 381 de
1771 338 1910 380 Elche
1949 334 2376 394 (LA0A1TA2‘1884)‚

526 422 590 462 pr.
634 405 827 461 Segorbe
872 404 1009 459 (PAtJl
1054 400 1211 455 1889),
1256 399 1303 442 in
1345 403 1496 442 monte
1530 398 1722 453 Mugron
1763 410 1828 450 pr.
1862 396 2078 438 Almansa
2121 396 2300 452 (PORTA
2332 400 2378 439 et

529 467 658 509 Rrec,
694 463 810 507 1890
833 497 839 503 .
951 499 954 501 Α

408 511 656 569 Observ.'
703 523 765 565 CI.
798 464 929 564 Hom?
973 519 1097 574 (Exc.
1133 517 1220 560 bot.
1266 517 1336 569 II,
1380 529 1420 570 p.
1454 514 1555 571 591)
1597 515 1826 557 Cistum
1866 513 2152 555 linearem
2183 511 2288 555 CAV.
2334 514 2380 555 et

319 586 364 627 C.
399 584 680 627 strictum
712 579 819 622 CAV.
853 578 1021 632 species
1053 577 1256 630 proprias
1289 580 1335 617 et
1366 574 1520 617 ambos
1552 573 1608 615 ab
1640 573 1696 615 H.
1730 573 1868 626 piloso
1902 570 2101 625 specifice
2141 570 2381 614 distinctos

321 655 416 685 esse
450 643 612 684 censet.
657 639 742 681 Sed
775 638 1057 680 characteres
1080 635 1368 689 divergentes
1391 633 1446 675 ab
1469 646 1519 675 eo
1544 631 1674 674 allati
1696 631 1828 685 pauci
1849 629 1958 672 mihi
1980 630 2192 672 videntur
2213 629 2381 672 valoris

319 704 365 743 et
396 700 562 742 formas
593 696 885 740 intermedias
919 695 1134 737 exsistere
1167 693 1379 746 suspicor.
1422 690 1722 734 Nihilominus
1756 688 2035 732 differentias
2067 693 2112 731 et
2135 700 2380 742 synonyma

321 760 480 802 harum
512 757 574 800 sic
607 756 831 799 dictarum
863 754 1108 808 specierum
1137 752 1179 794 h.
1214 752 1240 793 1.
1276 751 1439 793 addere
1471 749 1594 792 volo:

404 839 460 881 H.
494 837 731 880 strictum
776 834 920 892 (CAV.)
963 834 1102 876 PERs.
1147 833 1219 888 (Η.
1254 831 1445 886 pilosum
1486 839 1526 884 β.
1575 828 1886 873 tomentellum
1916 827 2054 884 ΨΚ.)
2117 825 2284 870 Differt
2325 826 2383 870 ab

316 898 372 940 Η.
395 897 535 951 piloso
568 896 703 938 ramis
735 894 904 948 patulis
936 891 1326 943 adscendentibus,
1359 890 1482 932 foliis
1511 891 1708 944 anguste
1730 886 1976 930 linearibus
1997 886 2129 929 valde
2151 884 2381 938 revolutis,

318 956 493 1010 stipulis
524 953 802 1007 rubentibus,
835 952 1024 994 racemis
1051 949 1261 994 brevibus
1284 947 1557 1001 1—2-floris,
1591 946 1776 989 fioribus
1797 945 1893 988 fere
1916 945 2098 987 dimidio
2121 943 2382 987 minoribus.

319 1040 374 1046 —
406 1016 505 1057 Huc
536 1014 734 1067 pertinet
766 1025 849 1055 sec.
874 1011 1006 1054 Rour
1040 1009 1178 1052 etiam
1209 1010 1264 1051 H.
1298 1019 1662 1050 racemosum
1694 1014 1734 1059 β.
1769 1004 2106 1047 farinosum
2128 1002 2231 1056 DC„
2265 1002 2386 1056 quod

318 1073 375 1116 ab
396 1073 450 1115 H.
476 1074 631 1115 stricto
666 1070 867 1113 caulibus
901 1068 1146 1125 gracilibus
1180 1066 1356 1110 diffusis
1389 1066 1518 1108 valde
1540 1065 1742 1117 ramosis,
1775 1062 1898 1105 foliis
1920 1062 2214 1116 brevioribus,
2249 1062 2387 1104 ramis

315 1130 525 1174 floriferis
558 1143 745 1184 superne
778 1129 910 1184 longe
943 1128 1075 1170 nudis
1109 1130 1155 1169 et
1186 1126 1369 1169 fioribus
1401 1125 1546 1167 adhuc
1578 1123 1828 1166 minoribus
1860 1122 1938 1164 sed
1972 1135 2102 1175 saepe
2133 1121 2282 1176 magis
2304 1133 2386 1162 nu-

314 1191 499 1233 merosis
531 1190 796 1232 distinctum
828 1200 922 1230 esse
955 1187 1133 1229 dicitur.

403 1250 458 1292 In
488 1261 628 1304 regno
660 1247 760 1290 Val.
795 1249 841 1289 et
871 1245 1011 1288 Mure.
1055 1244 1135 1301 (pr.
1171 1243 1384 1286 Orihuela
1415 1243 1462 1284 in
1494 1242 1626 1285 Cerro
1660 1241 1714 1283 de
1747 1241 1787 1284 S.
1820 1239 1993 1295 Miguel
2031 1242 2077 1282 et
2107 1239 2166 1282 ad
2197 1238 2388 1282 salinas-

315 1309 371 1410 {e
401 1308 570 1422 Beniel,
603 1320 667 1361 pr.
700 1305 854 1349 Hellin
885 1304 934 1347 in
966 1304 1098 1347 Cerro
1133 1303 1204 1345 del
1236 1303 1350 1344 Pino
1383 1304 1428 1344 et
1460 1300 1542 1343 int.
1578 1299 1736 1343 Hellin
1768 1304 1814 1342 et
1846 1298 1995 1341 Sierra
2028 1299 2082 1341 de
2114 1298 2183 1340 las
2205 1297 2386 1350 Cabras,

360 1379 445 1410 our
469 1400 476 1408 .

405 1447 461 1490 H.
493 1446 686 1489 lineare
719 1445 866 1502 (CAV.)
899 1447 1039 1488 szs.
1082 1444 1154 1500 (H.
1188 1443 1379 1497 pilosum
1411 1459 1452 1484 α.
1487 1438 1737 1496 genuinum
1767 1439 1872 1482 WK.
1905 1437 2075 1480 formae
2108 1436 2256 1494 2—4).
2317 1436 2387 1480 Ab

314 1507 371 1549 H.
404 1505 542 1560 piloso
577 1504 877 1560 distinguitur
907 1504 1030 1546 foliis
1063 1516 1197 1556 supra
1230 1500 1449 1544 viridibus
1484 1498 1656 1555 glabris
1689 1511 1730 1541 v.
1766 1496 2181 1553 glabrescentibus,
2228 1494 2389 1539 subtus

314 1566 416 1620 plus
447 1565 593 1606 minus
627 1561 1225 1617 albicanti-pubescentibus,
1258 1560 1447 1602 racemis
1469 1557 1681 1600 brevibus
1704 1555 1977 1611 paucifloris⁷
2013 1555 2180 1609 sepalis
2203 1554 2387 1610 glabris.

403 1625 458 1667 In
488 1636 628 1679 regno
661 1623 761 1666 Val.
796 1625 841 1665 et
872 1623 1011 1664 Mure.
1058 1620 1123 1677 (in
1154 1619 1299 1663 collib.
1334 1618 1494 1660 calcar.
1527 1629 1591 1671 pr.
1626 1615 1822 1671 Segorbe
1854 1614 2043 1669 abund,
2083 1615 2209 1657 PAU!
2256 1612 2385 1667 1889,

319 1683 583 1727 Hammon!
618 1681 756 1735 18913
789 1682 958 1723 Puerto
993 1680 1047 1722 de
1079 1678 1364 1730 Lumbreras,
1397 1675 1561 1731 Rom).

404 1743 528 1785 Haec
560 1753 674 1794 spec.
709 1753 793 1782 sec.
826 1740 958 1784 Rom(
989 1738 1136 1781 tribus
1169 1737 1364 1779 occurrit
1396 1732 1726 1777 varietatibus:

452 1818 492 1842 α.
525 1799 857 1842 violaceum
900 1798 1069 1855 (Cistus
1099 1796 1330 1839 violaceus
1363 1793 1515 1849 Qun),
1557 1791 1681 1834 foliis
1713 1792 1866 1845 parvis
1903 1790 2151 1833 linearibus
2195 1789 2385 1843 obtusis,

524 1857 871 1912 pubescentibus
905 1858 981 1900 sed
1014 1869 1150 1910 supra
1181 1854 1414 1905 viridibus,
1449 1850 1613 1905 sepalis
1646 1849 1874 1893 violaceis.

405 1918 506 1960 Huc
536 1918 736 1972 pertinet
767 1917 903 1970 stirps
936 1930 963 1958 a
994 1915 1105 1958 viris
1137 1913 1189 1957 cl.
1223 1915 1353 1965 Hirr„
1388 1911 1545 1964 Pom,
1578 1910 1694 1953 Rreo
1729 1908 1843 1951 1879
1874 1909 1922 1950 111
1943 1908 2171 1952 Barranco
2205 1909 2276 1952 del
2306 1910 2389 1954 Ca-

318 1976 465 2019 ballar
495 1989 558 2030 pr.
592 1976 792 2018 Almeria
824 1976 943 2017 lecta
976 1977 1021 2017 et
1054 1973 1135 2016 sub
1167 1985 1287 2015 num.
1321 1970 1408 2013 580
1441 1969 1519 2012 sed
1552 1969 1646 2012 sine
1678 1969 1860 2011 nomine
1894 1966 2152 2011 distributa.

450 2044 492 2089 ῥ’.
527 2035 844 2090 genuinum
874 2034 1007 2078 Rome
1040 2031 1102 2089 (0.
1136 2031 1321 2074 linearis
1354 2029 1487 2081 CAV„
1532 2027 1633 2071 Hel.
1667 2039 1945 2069 racemosum
1975 2027 2114 2069 PERs.
2155 2041 2248 2071 var.
2294 2028 2388 2071 vio-

526 2094 701 2136 lascens
733 2092 869 2148 DUN.)
901 2092 1025 2134 foliis
1057 2090 1304 2133 linearibus
1335 2104 1376 2133 v.
1410 2086 1866 2130 lineari-lanceolatis
1900 2085 2084 2140 obtusis,
2118 2098 2255 2140 supra
2285 2086 2390 2130 sub-

526 2152 719 2207 glabris,
768 2152 929 2194 subtus
960 2149 1331 2205 pubescentibus,
1380 2147 1591 2200 utrinque
1635 2145 1879 2198 viridibus,
1928 2145 2093 2199 sepalis
2135 2146 2389 2188 virentibus

526 2211 938 2253 violaceo-striatis.

451 2287 494 2327 y.
527 2282 547 2313 s
563 2269 770 2323 copulo
785 2283 905 2312 rum
926 2270 1058 2312 RouY
1091 2267 1201 2324 (var.
1225 2265 1373 2320 nova),
1407 2264 1529 2308 foliis
1553 2262 1766 2308 brevibus
1788 2262 2179 2319 lineari-oblongis
2203 2263 2389 2317 obtusis,

524 2329 642 2371 laete
664 2328 897 2382 viridibus,
931 2328 1142 2380 utrinque
1168 2324 1438 2380 subglabris,
1473 2323 1654 2377 stipulis
1676 2321 1909 2375 viridibus,
1937 2321 2099 2375 sepalis
2121 2322 2221 2376 plus
2242 2322 2391 2365 minus

525 2387 916 2430 violaceo-tinctis.
980 2385 1142 2429 Caules
1180 2384 1319 2427 erecti
1364 2382 1538 2425 10-15
1571 2395 1651 2424 cm.
1685 2382 1737 2433 l.,
1783 2380 2110 2436 lignescentes,
2153 2381 2392 2424 intricato-

526 2446 831 2499 ramosissimi,
864 2448 995 2500 parte
1025 2443 1248 2487 herbacea
1279 2442 1507 2484 rubentes.

409 2506 463 2548 In
494 2518 616 2558 prov.
650 2505 918 2548 Almeriensi
948 2517 1012 2558 pr.
1045 2501 1354 2547 Velez-Rubio
1387 2501 1446 2543 ad
1477 2512 1610 2555 rupes
1643 2498 1812 2542 montis
1843 2498 1968 2539 Pena
1999 2497 2096 2541 alta
2129 2497 2308 2555 (Rouy).

411 2591 539 2634 4542.
573 2592 983 2635 Helianthemum
1014 2590 1425 2645 pulverulentum
1456 2588 1547 2631 DC.
1595 2605 1636 2644 γ.
1670 2587 1979 2629 virescens
2007 2586 2114 2629 WK.
2176 2586 2395 2630 Provenit

263 2651 402 2694 etiam
431 2652 479 2694 in
509 2664 648 2707 regno
671 2651 771 2695 Val.
806 2650 905 2708 (int.
930 2651 1134 2694 Ondarra
1167 2653 1213 2691 et
1237 2648 1370 2702 Grata,
1404 2648 1546 2699 Rour,
1580 2647 1628 2688 in
1650 2646 1759 2688 Pico
1783 2645 1838 2687 de
1859 2644 2146 2700 Penagolosa
2167 2645 2226 2687 ad
2246 2645 2394 2688 Ermi-

262 2710 393 2765 torio,
425 2710 554 2766 PAU).

412 2789 545 2833 4543.
573 2789 982 2834 Helianthemum
1013 2789 1222 2843 vulgare
1246 2789 1458 2832 GAERTN.
1501 2786 1674 2829 Nomen
1706 2785 1808 2840 lege
1839 2784 2093 2838 prioritatis
2123 2784 2393 2827 mutandum

265 2850 316 2892 in
344 2849 449 2893 Hel.
482 2848 867 2893 chamaecistus
898 2850 1033 2891 MILL.
1067 2848 1187 2890 Dict.

456 2907 497 2951 b.
531 2907 776 2963 grandis
784 2907 971 2950 lorum
1001 2906 1129 2963 (DC.)
1161 2906 1266 2949 WK.
1326 2904 1545 2948 Provenit
1575 2915 1750 2956 quoque
1781 2902 1829 2943 in
1861 2900 2073 2944 Cantabr.
2108 2900 2174 2957 (in
2203 2900 2390 2944 montib.

529 2980 564 3008 c.
598 2967 753 3020 Aliva,
787 2967 900 3009 LER.
933 2970 980 3008 et
1011 2965 1121 3009 LEv.
1157 2964 1313 3020 1879),
1346 2964 1546 3018 Aragon.
1581 2962 1646 3019 (in
1677 2961 1781 3014 Pyr.
1814 2973 1879 3015 pr.
1912 2960 2122 3013 Bassive‚
2157 2960 2310 3014 ΤΙΜΒ.)
2343 2962 2390 3002 et

529 3038 669 3080 regno
701 3025 884 3069 Valent.
928 3024 992 3080 <in
1025 3024 1175 3067 Sierra
1205 3022 1399 3066 Mariola
1442 3026 1488 3064 et
1526 3033 1591 3075 pr.
1625 3019 1876 3075 Valldigna
1917 3020 1966 3061 in
1997 3017 2131 3062 Certo
2165 3019 2220 3061 de
2253 3017 2389 3072 Ubar,

534 3084 695 3139 Rour).

465 3155 500 3185 c.
533 3155 760 3184 roseum
791 3142 897 3184 WK.
950 3141 1077 3184 Adde
1110 3141 1230 3183 loca:
1263 3140 1312 3182 in
1344 3138 1488 3182 Catal.
1524 3138 1682 3181 orient.
1717 3137 1775 3179 ad
1806 3136 1941 3190 Maya
1973 3140 2019 3179 et
2050 3135 2160 3179 alibi
2190 3134 2389 3192 (Vna),

531 3201 693 3254 Pyren.
727 3201 925 3255 Aragon.
957 3213 1022 3254 pr.
1054 3199 1237 3242 Huesca
1270 3198 1398 3255 (CoM.
1432 3196 1607 3252 forest.)
1639 3199 1686 3239 et
1718 3195 1871 3239 Bielsa
1902 3194 2106 3251 (OAMPo).
2158 3193 2314 3237 Etiam
2342 3194 2392 3236 in

533 3271 673 3314 regno
706 3259 806 3302 Val.
841 3258 906 3314 (in
936 3258 1121 3302 montib.
1157 3271 1192 3301 e.
1227 3256 1438 3312 Segorbe,
1472 3256 1594 3299 PAu!
1629 3253 1773 3310 1890).

414 3338 546 3381 4544.
578 3338 986 3382 Helianthemum‘
1019 3339 1251 3393 glaucum
1283 3336 1426 3393 (CAV.)
1459 3337 1607 3379 B01ss.

416 3411 503 3440 aa.
537 3410 799 3440 croceum
830 3398 1151 3452 genuinum
1181 3396 1287 3439 WK.
1351 3395 1556 3438 Occurrit
1589 3393 1727 3437 etiam
1756 3394 1805 3436 in
1835 3392 2021 3436 montib.
2053 3390 2265 3435 Cantabr.
2306 3390 2389 3447 (pr.

536 3455 699 3512 (Aliva,
733 3455 847 3499 LER.
881 3459 927 3498 et
957 3456 1068 3498 LEv.
1102 3454 1235 3511 1879)
1268 3457 1313 3497 et
1345 3467 1486 3509 regno
1518 3453 1658 3495 Mure.
1691 3452 1757 3508 (in
1790 3452 1941 3495 Sierra
1964 3451 2125 3493 Tereia
2155 3463 2220 3504 pr.
2245 3449 2391 3492 Lorca.

536 3515 585 3556 in
616 3514 797 3568 pascuis
838 3514 918 3556 alt.
950 3513 1126 3556 8-900
1155 3526 1239 3566 m.,
1283 3513 1443 3555 PORTA
1475 3514 1522 3555 et
1552 3512 1669 3555 Rmo
1703 3509 1848 3564 1890).
1910 3510 2074 3552 Forma
2115 3508 2298 3551 villosa:
2340 3507 2390 3549 in

535 3573 870 3684 faigfflrffissff
891 3571 1137 3672 (ffitffigffia
1170 3569 2119 3673 {30²3¹‘{3‘³}0}‘}faeiuiiathlgssi‘rssx?
2137 3567 2208 3668 ..³3¹
2240 3565 2390 3680 {2⁶55}

421 3688 508 3731 ba.
540 3688 764 3731 flavum
794 3665 1180 3743 procumbens
1211 3687 1316 3731 WK.
1348 3664 1493 3730 fo'rma
1524 3686 1791 3731 nudicaulis.
1849 3660 2000 3728 Adde:
2033 3685 2082 3727 in
2111 3696 2252 3739 regno
2286 3682 2388 3727 Val.

537 3748 586 3789 in
617 3747 767 3790 Sierra
798 3746 992 3790 Maricla
1024 3745 1202 3804 (Roor).
2257 3758 2258 3761 ’

421 3805 507 3860 Ββ.
541 3808 805 3849 erectum
835 3805 964 3849 WK.:
998 3805 1046 3847 in
1077 3804 1225 3847 Sierra
1258 3804 1420 3847 Tereia
1451 3816 1516 3858 pr.
1549 3803 1694 3846 Lorca
1726 3802 1904 3859 (Pomm
1935 3805 1982 3845 et
2012 3801 2128 3844 Rieo
2161 3797 2306 3855 1890).
