2455 4033
1212 105 1293 159 90

343 258 469 302 1540.
504 258 861 302 Carduncellus
896 257 1152 300 coeruleus
1176 255 1262 312 (L.)
1284 256 1373 300 DC.
1406 265 1446 311 β.
1471 256 1838 311 Tingitanus
1861 255 1946 312 (L.)
1971 257 2012 301 J.
2035 257 2164 300 ΒΑΜ.
2196 256 2310 310 Spic.

195 318 385 361 Marocc.
425 331 465 372 p.
501 316 606 360 532!
652 316 713 373 (0.
749 316 979 358 coerulens
1019 323 1060 369 β.
1093 316 1262 358 incisus
1304 315 1415 370 DC„
1460 315 1616 358 Prodr.
1656 313 1699 357 fl.
1739 314 1898 371 Hisp.).
1961 315 2132 358 Crescit
2175 316 2313 358 etiam

196 375 438 420 Gibraltar.
475 375 664 431 (DAso1).
728 374 1030 428 Frequentiss.
1062 374 1111 415 in
1142 386 1263 428 prov.
1297 374 1448 417 Gadit.
1484 374 1612 430 (PER.
1646 372 1809 429 LARA).

344 449 470 492 1541.
516 447 874 492 Carduncellus
917 445 1124 490 Dianius
1163 446 1324 490 WEBB.
1389 446 1454 490 Cf.
1494 447 1625 490 Rom
1667 447 1775 489 Exc.
1817 447 1911 501 ΙΙΙ,
1956 459 1996 501 p.
2030 447 2109 490 41!
2152 446 2308 502 (descr.

197 507 394 564 optima).
428 532 483 539 —
515 508 638 550 Haec
682 519 793 560 spec.
827 506 1058 547 rarissima
1100 507 1353 559 nuperrime
1384 518 1519 560 prope
1551 506 1697 548 Denia
1737 510 1917 559 reperta
1958 509 2028 548 est
2065 505 2130 562 (in
2159 510 2312 548 monte

194 567 358 622 Mongo
390 580 453 620 pr.
488 566 636 608 Cueva
669 564 740 607 del
770 565 904 619 Agua
937 564 995 606 ad
1026 576 1161 618 rupes
1192 570 1473 618 praeruptas,
1507 563 1669 620 ROUY).

341 639 469 682 1542.
514 637 872 681 Carduncellus
916 648 1195 681 araneosus
1237 637 1386 680 Bolss.
1426 637 1571 680 REUT.
1642 637 1814 680 Crescit
1859 650 2031 690 quoque
2077 637 2125 679 in
2170 650 2310 693 regno

194 699 374 741 Valent.
409 698 473 753 (in
506 696 648 738 collib.
681 695 878 738 herbidis
910 695 968 737 ad
998 696 1096 750 ped.
1131 696 1306 738 Sierrae
1339 696 1392 739 de
1424 695 1638 750 Castalla,
1674 695 1752 738 alt.
1785 695 1960 739 8-900
1983 709 2040 750 111,
2074 696 2235 738 PORTA
2267 701 2315 739 et

195 757 326 810 Rmo,
361 755 504 812 1890).

341 829 467 872 1544.
503 827 860 871 Carduncellus
892 826 1193 871 mitissimus
1218 828 1306 871 DC.
1360 828 1513 870 Etiam
1543 827 1591 869 in
1614 826 1826 871 Cantabr.
1851 827 1903 884 (c.
1927 828 2130 882 Cervera,
2163 827 2310 882 Aliva,

194 889 320 943 Lim,
354 888 487 942 LEV.;
519 899 582 941 pr.
615 886 837 941 Reynosa,
870 886 1024 942 DIEK).

340 960 466 1003 1545.
501 959 804 1003 Carthamus
836 958 1112 1003 tinctorias
1144 960 1194 1002 L.
1259 959 1559 1014 Subspontan.
1595 959 1733 1001 etiam
1763 959 1811 1001 in
1843 959 1987 1003 vineis
2017 973 2082 1014 pr.
2115 959 2313 1016 Segorbe

211 1020 308 1063 Pin
332 1055 339 1062 .

193 1021 206 1075 (
311 1018 466 1121 )1547.
501 1077 781 1120 Centaurea
812 1075 1001 1120 Seridis
1034 1077 1084 1119 L.
1138 1077 1300 1120 Forma
1332 1077 1483 1131 typica
1516 1081 1636 1119 certe
1669 1077 1830 1119 crescit
1859 1077 1907 1118 in
1939 1089 2060 1130 prov.
2084 1076 2197 1120 Gad.
2231 1076 2311 1132 (pr.

194 1137 233 1179 S.
257 1137 423 1190 Roque,
449 1137 490 1180 J.
514 1135 658 1191 ΒΑΜ.)
681 1140 727 1178 et
748 1149 887 1191 regno
909 1136 1048 1179 Mure.
1074 1136 1243 1192 (Monte
1265 1136 1428 1191 Agudo
1452 1140 1497 1178 et
1518 1149 1582 1189 pr.
1606 1135 1810 1189 Alhama,
1833 1134 1998 1191 Rome),
2028 1135 2077 1178 in
2099 1136 2314 1191 arenosis,

192 1196 348 1251 vineis,
381 1194 664 1249 rupestribus
694 1195 894 1250 regionis
924 1193 1138 1250 inferior,
1174 1195 1252 1238 sed
1283 1208 1374 1237 non
1405 1195 1453 1237 in
1485 1194 1706 1237 sabulosis
1738 1193 2007 1237 litoralibus.

381 1261 422 1308 β.
456 1253 762 1296 maritima
795 1252 905 1296 LGE.

338 1312 464 1355 Adde
496 1313 617 1355 loca:
661 1325 723 1366 pr.
757 1310 914 1367 Hifac,
949 1311 990 1355 S.
1023 1312 1224 1367 Nicolas,
1260 1312 1472 1355 Orihuela
1504 1312 1690 1369 (Rome),
1726 1311 1920 1368 Segorbe
1954 1311 2017 1367 (in
2051 1323 2222 1354 arenos.
2257 1311 2316 1354 ad

249 1370 291 1414 fi.
324 1371 554 1424 Palancia,
588 1372 710 1414 PAu!
745 1368 891 1427 1889),
923 1371 1005 1413 int.
1036 1372 1215 1413 Totana
1249 1374 1294 1413 et
1325 1372 1482 1426 Lorca,
1515 1385 1579 1425 pr.
1613 1371 1778 1425 Hellin,
1813 1370 2004 1413 Alhama
2037 1369 2215 1427 (Rom),
2248 1384 2312 1423 pr.

249 1430 412 1473 Viator
443 1430 574 1485 regni
597 1430 785 1473 Granat.
821 1429 885 1484 (in
918 1429 1062 1472 collib.
1097 1430 1274 1483 apricis,
1306 1431 1469 1474 PORTA
1491 1436 1536 1472 et
1558 1430 1690 1486 Rmo,
1726 1428 1872 1486 1890).
1925 1429 2143 1472 Provenit
2176 1430 2314 1472 etiam

248 1489 295 1532 in
327 1501 449 1543 prov.
483 1489 634 1532 Gadit.
668 1489 748 1545 (pr.
782 1488 1030 1543 Algeciras,
1064 1489 1177 1531 PER.
1213 1488 1376 1545 LARA).

381 1565 422 1605 γ.
457 1551 705 1590 cruenta
738 1547 934 1602 (Wrnnn.
969 1547 1129 1589 Enum.
1162 1561 1203 1602 p.
1237 1547 1324 1589 929
1355 1561 1434 1602 pro
1467 1548 1643 1604 specie).
1703 1547 1768 1590 Cf.
1801 1548 1932 1591 Rome
1964 1547 2071 1590 Exc.
2103 1546 2146 1601 Ι,
2180 1559 2221 1600 p.
2255 1546 2312 1590 13

456 1611 502 1649 et
522 1607 581 1661 Π,
615 1620 654 1660 p.
681 1606 756 1649 70!
811 1605 949 1648 Caule
982 1611 1131 1649 erecto
1164 1607 1353 1660 simplici
1374 1607 1706 1662 monocephalo,
1737 1605 1861 1649 foliis
1882 1605 2078 1660 basilar.,
2111 1604 2311 1647 inferior.

455 1670 501 1708 et
531 1665 689 1708 mediis
721 1665 814 1707 late
847 1665 1063 1718 ovalibus,
1097 1666 1310 1719 superior.
1346 1666 1763 1720 ovali-lanceolatis,
1798 1664 2002 1707 omnibus
2035 1665 2313 1707 mucronatis

457 1729 502 1767 et
526 1723 1079 1779 spinuloso-denticulatis,
1114 1725 1192 1767 sed
1214 1737 1304 1766 non
1325 1724 1684 1780 pinnatilobatis,
1707 1722 1980 1767 basilaribus
2001 1721 2311 1765 inferioribus-

454 1796 538 1836 que
570 1783 616 1825 in
648 1782 865 1837 petiolum
897 1782 1163 1836 attenuatis,
1196 1782 1363 1837 petiolo
1395 1783 1641 1826 mediorum
1673 1787 1868 1838 anguste
1900 1783 2023 1824 alato
2056 1780 2104 1823 in
2138 1781 2310 1824 caulem

458 1843 747 1896 decurrente3
781 1841 976 1884 calathio
1009 1842 1192 1895 minore,
1228 1841 1368 1896 spinis
1400 1842 1697 1896 appendicum
1727 1840 2022 1885 tenuioribus.

338 1900 392 1943 In
425 1914 566 1956 regno
589 1901 770 1944 Valent.
803 1899 956 1943 rariss.
992 1901 1071 1956 (pr.
1103 1901 1143 1944 S.
1167 1900 1321 1955 Felipe
1354 1902 1407 1944 de
1440 1901 1597 1946 Jativa
1629 1900 1677 1943 in
1710 1899 1882 1943 saxosis
1914 1900 1972 1942 ad
2002 1900 2100 1954 ped.
2132 1899 2311 1954 rupium

250 1958 297 2001 in
330 1959 472 2002 latere
504 1959 676 2003 boreali
707 1959 873 2002 montis
907 1959 1094 2014 castelli,
1129 1961 1275 2015 Rom,
1312 1959 1438 2014 1880,
1472 1961 1681 2014 BURNAT,
1717 1959 1862 2014 1881).

337 2032 464 2076 1548.
489 2032 767 2076 Centaurea
790 2032 1086 2076 sonchifolia
1107 2032 1156 2076 L.
1190 2034 1388 2087 Reperta
1411 2032 1517 2076 olim
1538 2033 1677 2076 etiam
1694 2032 2000 2077 Gibraltariae
2019 2031 2310 2089 (Bnousson.)

191 2095 237 2134 et
267 2104 331 2145 pr.
367 2092 583 2135 Sanlucar
617 2091 806 2148 (CLEM.)
869 2093 924 2134 In
963 2105 1103 2147 regno
1136 2092 1276 2135 Mure.
1309 2106 1373 2146 pr.
1407 2093 1600 2135 Alhama
1633 2092 1812 2148 (Rom).
1874 2093 1929 2135 In
1962 2090 2107 2137 Catal.
2140 2104 2312 2145 quoque

190 2149 392 2194 indicata
423 2150 514 2192 fuit
546 2150 610 2207 (111
644 2150 835 2193 sabulos.
869 2150 1017 2193 marit.
1052 2150 1156 2193 inde
1189 2165 1216 2193 a
1249 2151 1383 2194 Salon
1416 2152 1475 2194 ad
1507 2153 1809 2195 Tarraconem
1840 2163 1992 2206 usque,
2025 2149 2211 2206 Jovmz).

339 2223 466 2267 1549.
501 2223 780 2268 Centaurea
801 2224 980 2268 Jacobi
1010 2225 1125 2268 Dmv.
1181 2224 1358 2279 Species
1391 2224 1620 2268 distincta.
1673 2224 1891 2268 Provenit
1924 2224 2061 2267 etiam
2091 2223 2139 2266 in
2170 2236 2311 2279 regno

189 2283 370 2326 Valent.
405 2283 486 2339 (pr.
521 2284 668 2337 Calpe,
701 2284 863 2327 PORTA
896 2288 941 2326 et
973 2283 1103 2338 Rreo,
1139 2283 1266 2338 1891,
1300 2285 1405 2327 Exs.
1439 2298 1482 2328 11.
1518 2283 1631 2341 781).

338 2357 466 2400 1552.
501 2356 784 2400 Centaurea
817 2369 996 2412 aspera
1016 2357 1066 2400 L.
1122 2357 1353 2401 Observ.
1387 2358 1494 2401 Var.
1531 2360 1566 2400 ὃ.
1602 2355 1958 2400 subinermis
1989 2355 2122 2412 huJ'us
2148 2355 2312 2410 speciei

189 2415 381 2459 maxime
422 2416 737 2470 polymorphae
780 2415 1096 2470 supprimenda
1139 2419 1232 2471 est,
1276 2430 1411 2470 quum
1454 2416 1591 2459 etiam
1632 2415 1814 2459 variett.
1849 2433 1896 2470 α,
1936 2424 1968 2470 ,Β
1999 2420 2044 2458 et
2075 2433 2106 2472 y
2142 2414 2312 2458 formas

191 2474 386 2528 squamis
418 2474 623 2517 anthodii
656 2474 857 2529 spinulas
889 2474 1005 2517 1—3
1035 2474 1288 2518 ferentibus
1319 2475 1579 2529 praebeant,
1614 2474 1660 2517 id
1691 2475 1807 2528 quod
1838 2474 1951 2517 bene
1983 2473 2313 2517 demonstravit

191 2534 243 2576 cl.
276 2534 409 2578 Rom*
442 2533 567 2589 (Exc.
600 2535 635 2588 Ι,
669 2547 709 2587 p.
744 2533 973 2589 11—132).
1028 2534 1147 2576 Loco
1180 2548 1274 2577 var.
1309 2533 1576 2577 subinermis
1609 2533 1816 2576 addenda
1849 2537 1919 2576 est
1948 2546 2042 2576 var.
2075 2532 2311 2576 hetero-

189 2591 391 2646 phylla
421 2593 553 2636 Rom(
585 2591 649 2647 (0.
673 2592 982 2646 heterophylla
1006 2591 1079 2635 W.
1114 2618 1170 2622 —
1202 2593 1358 2636 Prodr.
1391 2592 1435 2637 fl.
1467 2592 1594 2648 Hisp.
1627 2606 1670 2635 n.
1694 2591 1841 2648 1553),
1876 2591 2000 2647 cujus
2031 2591 2176 2634 forma
2207 2591 2310 2634 sub—

189 2650 372 2694 inermis
405 2650 644 2694 constituit
676 2651 721 2694 C.
754 2651 1064 2705 Alophium
1096 2652 1185 2694 DC.
1240 2651 1391 2707 Igitur
1422 2651 1669 2694 varietates
1701 2652 1746 2694 0.
1779 2663 1978 2705 asperae,
2012 2663 2125 2704 quae
2158 2663 2311 2693 omnes

190 2708 347 2753 formis
378 2709 658 2752 intermediis
689 2716 943 2765 transeunt,
977 2710 1062 2752 hac
1092 2710 1271 2753 ratione
1303 2710 1629 2765 disponendae:

380 2786 421 2811 α.
455 2768 716 2824 genuina
747 2768 851 2811 WK.

379 2835 421 2882 β.
456 2826 918 2881 scorpiurifolia
952 2827 1101 2884 (Dur.)
1133 2827 1239 2871 WK.

287 2880 299 2890 ³
336 2885 555 2928 Provenit
597 2899 769 2940 quoque
810 2885 858 2928 in
900 2899 1041 2942 regno
1086 2887 1275 2931 Granat.
1319 2886 1489 2942 (Sierra
1530 2885 1686 2929 Prieta
1731 2888 1776 2928 et
1818 2884 2037 2940 Caprain,
2083 2884 2160 2928 alt.
2194 2883 2311 2927 1000

248 2943 424 2987 -1200
443 2957 499 2998 111,
533 2945 723 2988 HUTER!
756 2944 933 3000 PORTA,
966 2947 1097 2999 Rmo,
1133 2946 1237 2989 Jun.
1263 2945 1395 3001 1879)
1428 2949 1474 2988 et
1503 2946 1642 2988 Murc.
1676 2943 1844 3001 (Sierra
1875 2945 1929 2987 de
1961 2944 2006 2986 la
2029 2943 2307 2999 Fuensanta,

247 3002 408 3046 PORTA
439 3006 485 3046 et
515 3003 648 3057 R1Go,
683 3002 810 3059 1891,
845 3017 934 3047 exs.
969 3017 1012 3047 n.
1046 3004 1156 3047 556!
1189 3018 1254 3059 pr.
1286 3005 1492 3060 Alhama‚
1525 3002 1687 3059 Rour).

379 3079 420 3118 γ.
455 3062 838 3116 stenophylla
871 3062 1022 3119 (Dur.)
1053 3062 1160 3106 WK.

335 3120 389 3163 In
419 3133 558 3176 regno
591 3120 772 3164 Valent.
805 3121 926 3163 haud
957 3135 1075 3165 rara.
1137 3123 1259 3164 Loca
1290 3134 1428 3164 nova:
1472 3121 1530 3162 ad
1562 3120 1710 3163 lacum
1740 3119 1960 3163 Albufera
1991 3118 2199 3176 (B01ss.)‚
2239 3132 2305 3173 pr.

249 3178 290 3221 S.
323 3178 476 3233 Felipe
507 3178 555 3221 in
588 3179 698 3221 colle
732 3179 925 3233 castelli,
970 3179 1052 3223 int.
1087 3178 1349 3235 Carcajente
1383 3183 1428 3222 et
1458 3178 1726 3234 Valldigna‚
1767 3191 1924 3222 versus
1955 3178 1996 3222 8.
2029 3177 2210 3222 Nicolas
2239 3191 2305 3231 pr.

248 3236 395 3280 Denia
427 3237 608 3294 (Ronr),
641 3251 705 3292 pr.
738 3237 948 3281 Alicante
981 3239 1236 3295 (annncn.
1270 3237 1416 3295 1889).
1464 3236 1681 3280 Provenit
1711 3251 1882 3291 quoque
1913 3236 1963 3280 in
1993 3249 2132 3292 regno
2163 3235 2304 3280 Murc.

248 3296 348 3351 (int.
381 3295 534 3339 Hellin
567 3299 612 3338 et
644 3295 793 3339 Sierra
825 3296 879 3340 de
911 3297 978 3340 las
1012 3296 1200 3352 Cabras,
1241 3298 1392 3351 RouY,
1425 3296 1560 3352 1881,
1604 3309 1668 3350 pr.
1701 3297 1866 3350 Lorca,
1897 3297 2061 3340 PORTA
2093 3299 2140 3338 et
2169 3295 2304 3349 Rrec,

248 3353 381 3411 1890)
414 3357 460 3397 et
490 3367 612 3408 prov.
644 3354 796 3398 Gadit.
831 3355 910 3412 (pr.
945 3355 1225 3411 Grazalema,
1259 3357 1317 3399 ad
1345 3368 1492 3410 rupes,
1525 3356 1790 3399 Rumam!
1822 3354 1940 3410 Majo
1974 3353 2119 3410 1890).

381 3415 417 3456 δ.
450 3413 870 3467 heterophylla
902 3413 1011 3470 (W.)
1042 3415 1186 3459 Rom.

336 3471 595 3514 Promiscue
627 3484 727 3514 cum
756 3485 850 3515 var.
883 3490 939 3529 y.,
971 3472 1116 3515 forma
1148 3471 1414 3516 subinermis
1444 3485 1509 3526 pr.
1543 3471 1806 3528 Carcajente
1839 3470 2018 3529 (RouY).

323 3530 400 3577 ‚CL
421 3531 555 3574 Rom?
585 3529 775 3573 formam
806 3544 898 3574 var.
934 3549 974 3574 α.
1006 3531 1128 3574 foliis
1162 3530 1352 3574 caulinis
1383 3529 1482 3573 basi
1513 3530 1778 3575 auriculatis
1800 3530 1863 3588 (C.
1887 3542 2045 3584 aspera
2066 3541 2160 3571 var.
2182 3527 2303 3571 auri-

250 3588 401 3632 culata
432 3588 541 3645 DC.)
573 3588 798 3643 propriam
829 3589 1103 3633 constituere
1134 3589 1404 3633 varietatem
1435 3589 1678 3632 existimat.

336 3661 464 3705 1554.
499 3662 781 3706 Centaurea
819 3663 1249 3718 sphaerocephala
1287 3663 1336 3706 L.
1400 3662 1572 3706 Crescit
1613 3662 1751 3706 etiam
1790 3661 1838 3705 in
1879 3674 2001 3716 prov.
2035 3660 2186 3705 Gadit.
2219 3659 2302 3716 (pr.

192 3719 233 3762 S.
265 3720 433 3776 Roque,
466 3721 632 3776 Bmss,
666 3720 893 3776 Chiclana,
926 3721 1132 3766 ment
1167 3722 1312 3778 1873).
