2455 4033
1243 199 1364 253 166

249 350 485 395 fructifero
517 355 697 406 aperto3
739 352 931 394 corollae
964 351 1196 394 coeruleae
1227 351 1361 393 limbo
1394 351 1553 394 tubum
1585 352 1736 406 calyce
1768 353 2098 398 subbreviorem
2129 359 2366 411 aequante,

250 410 366 465 stylo
399 411 681 464 brevissimo;
713 410 943 464 pedicellis
974 409 1146 452 fructif.
1169 410 1320 463 calyce
1342 409 1459 452 2—3
1469 410 1542 464 plo
1568 411 1858 466 longioribus,
1891 413 2364 467 patulo-subrecurvis.

396 470 603 570 {13:313}
625 468 887 569 ξῃξῗὲξ.ῃὶ(ἐ6
919 469 1020 511 udis
1050 481 1114 522 pr.
1149 469 1311 523 Gades,
1344 469 1532 513 Fiscus
1565 482 1618 512 ex
1649 470 1834 527 Bo1ss.).
1869 496 1923 502 -—
1960 476 2025 524 O.
2058 473 2165 527 Apr.
2200 473 2259 530 (n.
2289 474 2363 528 v.).

398 600 524 643 2510.
550 599 789 654 Myosotis
811 599 1090 654 gracillima
1111 601 1244 643 Losc.
1263 601 1436 655 PARno,
1453 600 1558 643 WK.
1577 601 1788 644 Illustrat
1802 603 1862 658 H,
1885 615 1926 657 p.
1945 602 2044 659 123,
2066 608 2099 647 t.
2118 604 2294 659 CLXII,
2313 606 2368 650 B.

250 659 376 702 Adde
409 660 526 701 loca:
562 659 876 712 c.Pe1”1arroya
909 658 1114 714 (Losc.!),
1146 659 1193 700 in
1218 658 1367 702 Sierra
1398 660 1451 701 de
1474 660 1762 703 Javalambre
1793 661 1841 702 in
1873 662 2056 705 summis
2073 662 2196 718 ,iugis
2220 663 2364 720 (PAU),

250 719 298 760 in
328 718 487 772 Pyren.
516 729 671 759 versus
692 716 845 759 Bielsa
877 717 1082 773 (OAMPo),
1114 718 1162 760 in
1186 717 1336 760 Sierra
1357 718 1601 760 Alhamilla
1631 731 1753 772 prov.
1777 719 1941 763 Almer.
1967 721 2146 776 (Pom-A
2167 724 2214 764 et
2233 722 2366 777 Rmo,

251 775 396 832 1890).
459 776 674 818 Provenit
705 788 876 829 quoque
915 776 963 817 in
1001 789 1122 830 prov.
1157 775 1464 832 Guadalajara
1496 776 1630 834 (Pin)
1663 780 1709 820 et
1740 778 1917 821 Cuenca
1950 779 2030 835 (pr.
2063 780 2366 836 Minglanilla,

252 834 511 934 DIEK)Hab.
547 893 682 935 etiam
712 893 761 934 in
794 892 958 936 Sicilia.

399 965 526 1008 2511.
559 964 798 1019 Myosotis
828 965 1030 1021 hispida
1062 967 1253 1010 Scfl'rDL.
1301 966 1521 1010 Provenit
1551 981 1722 1021 quoque
1752 969 1802 1011 in
1824 969 1968 1013 Catal.
1992 969 2151 1014 orient.
2185 971 2238 1027 (c.
2263 969 2368 1013 Olot

253 1027 299 1067 et
329 1024 376 1066 in
408 1024 602 1139 Ἑξγῖἓέὄ)
624 1025 793 1078 Vna,
836 1038 900 1079 pr.
935 1025 1167 1081 Taradell,
1211 1025 1391 1082 Pmee.)
1425 1029 1470 1068 et
1500 1039 1622 1080 prov.
1657 1027 1807 1071 Gadit.
1841 1027 1922 1084 (pr.
1956 1028 2243 1084 Grazalema,
2276 1031 2369 1073 RE-

252 1095 436 1125 VERCH..
607 1118 616 1126 .

401 1156 526 1199 2512.
560 1156 799 1210 Myosotis
821 1156 1094 1200 versicolor
1114 1158 1252 1201 PERS.
1303 1159 1508 1201 Occurrit
1540 1159 1678 1201 etiam
1697 1160 1746 1202 in
1767 1173 1890 1215 prov.
1915 1160 2066 1203 Gadit.
2091 1160 2173 1216 (pr.
2195 1160 2370 1216 Alcala,

250 1215 401 1268 CABR„
435 1216 565 1259 Jerez
597 1216 645 1258 in
676 1215 853 1258 Dehesa
886 1217 940 1259 de
973 1216 1284 1270 GarcisobacO,
1317 1218 1430 1260 PER.
1464 1217 1626 1274 LARA).

395 1296 522 1338 2514.
555 1295 797 1350 Myosotis
829 1296 1130 1340 intermedia
1160 1298 1242 1341 LK.
1297 1298 1503 1341 Occurrit
1535 1312 1706 1352 quoque
1737 1299 1786 1342 in
1817 1312 1939 1353 prov.
1972 1300 2124 1343 Gadit.
2157 1301 2239 1357 (pr.
2267 1302 2369 1345 Pto,

248 1355 302 1397 de
335 1354 426 1397 Sta.
450 1356 609 1409 Maria,
645 1354 762 1409 Osn„
797 1356 1038 1410 GUTIERR„
1073 1356 1292 1400 Sanh'icar
1324 1362 1370 1400 et
1390 1357 1639 1413 Algeciras,
1674 1358 1832 1414 CLEM.)
1866 1362 1912 1401 et
1934 1358 2179 1402 Gibraltar.
2203 1359 2369 1416 (Ka).

395 1435 522 1479 2515.
557 1435 797 1490 Myosotis
839 1436 1072 1480 silvatica
1113 1438 1295 1482 HOFFM.
1358 1438 1529 1482 Crescit
1572 1440 1709 1482 etiam
1750 1440 1798 1481 in
1840 1439 2007 1483 Gallec.
2049 1439 2101 1496 (c.
2137 1440 2370 1496 Santiago,

249 1494 342 1549 Sar,
367 1495 479 1549 Tuy,
505 1495 685 1551 TExm.)
709 1498 754 1537 et
776 1494 1021 1539 Gibraltar.
1047 1496 1211 1553 (ΚΕΒ.)
1260 1498 1315 1540 111
1337 1497 1482 1541 061361.
1506 1498 1668 1552 Pyren.
1691 1497 1848 1554 frequ.‚
1879 1499 1928 1541 in
1949 1498 2134 1542 montib.
2160 1512 2194 1542 6.
2212 1499 2369 1554 Vidra,

247 1553 372 1608 Corp,
407 1553 655 1596 Guillerias
688 1553 885 1610 (Vna).

437 1620 478 1666 β.
513 1612 646 1728 ῗέἕὸ
658 1614 772 1656 stri
786 1626 806 1655 s
828 1614 974 1657 Kocn.
1015 1614 1170 1656 Etiam
1190 1615 1237 1656 in
1261 1615 1410 1658 Sierra
1432 1616 1486 1658 de
1507 1616 1721 1670 Espadan
1743 1614 1875 1672 regni
1890 1616 2071 1659 Valent.
2091 1616 2371 1673 (Rssvmzcm

394 1744 520 1788 2516.
554 1745 796 1799 Myosotis
827 1746 1100 1801 pyrenaica
1132 1747 1305 1791 Pomm.
1368 1748 1495 1790 Adde
1537 1748 1636 1790 loca
1679 1748 2001 1791 Catalauniae:
2044 1749 2092 1791 in
2125 1749 2274 1792 Sierra
2317 1750 2371 1792 de

245 1803 370 1859 Cadi,
402 1808 541 1847 mont.
574 1805 739 1859 MeneS,
774 1818 809 1847 6.
843 1805 993 1848 Fiscal
1027 1806 1225 1862 (065ΤΑ),
1264 1807 1322 1849 ad
1353 1819 1487 1861 rupes
1519 1806 1775 1850 Costabona
1807 1807 2004 1864 (VAYR.).

393 1876 521 1919 2518.
555 1877 1003 1933 Echinospermum
1033 1878 1257 1934 Lappula
1288 1879 1436 1923 LEHM.
1501 1880 1717 1923 Provenit
1758 1893 1928 1934 quoque
1971 1882 2019 1923 in
2061 1880 2271 1924 Serrania
2316 1883 2371 1926 de

246 1936 424 1979 Cuenca
458 1937 538 1992 (pr.
572 1936 766 1992 Laguna
799 1938 869 1979 del
900 1939 1212 1993 Marquesado,
1246 1938 1398 1993 Dmss).

395 2008 580 2052 25181218.
614 2010 1060 2066 Echinospermum
1103 2011 1351 2054 deflexum
1393 2013 1543 2055 LEHM.
1586 2011 1781 2067 Asperif.
1821 2026 1864 2056 n.
1899 2012 2006 2068 120,
2049 2014 2191 2056 chss.
2232 2016 2292 2058 Ic.
2325 2014 2369 2058 fi.

247 2068 393 2112 Germ.
426 2069 555 2111 Helv.
589 2069 766 2123 XVIII,
810 2073 843 2112 t.
878 2069 986 2113 128!
1020 2070 1088 2126 (Ε.
1124 2070 1330 2125 Lappula
1370 2071 1543 2125 CosrA,
1587 2071 1759 2115 Introd.
1792 2071 1834 2114 fi.
1870 2072 2012 2115 Catal.
2052 2085 2092 2126 p.
2127 2072 2237 2116 177!
2280 2086 2371 2115 non

246 2128 394 2170 LEHM.
429 2140 513 2171 sec.
547 2129 644 2171 PAU
675 2129 777 2171 Not.
811 2128 901 2172 bot.
934 2129 1002 2182 II,
1036 2143 1076 2183 p.
1111 2129 1222 2185 321).
1285 2130 1483 2172 Molliter
1515 2130 1780 2186 pubescens,
1824 2130 2088 2185 pedunculis
2120 2130 2373 2175 fructiferis

247 2187 664 2240 arcuato-deflexis,
708 2188 884 2230 nuculis
925 2201 1015 2230 non
1058 2189 1146 2230 nisi
1189 2189 1324 2231 unica
1365 2190 1585 2231 muricum
1627 2190 1739 2231 serie
1782 2190 1839 2232 ad
1880 2191 2132 2245 marginem
2169 2191 2370 2234 munitis.

245 2245 407 2288 0611165
440 2245 616 2288 20-50
637 2259 705 2288 cm
737 2246 787 2300 1.,
833 2247 970 2289 erecti
1002 2252 1084 2289 aut
1117 2248 1461 2303 adscendentes,
1499 2247 1611 2290 folia
1642 2248 1860 2291 inferiora
1893 2249 2107 2304 oblonga,
2142 2250 2374 2304 superiora

246 2305 763 2406 lanceoIIZtaOatalaunia
808 2365 873 2420 (in
914 2365 1099 2407 montib.
1140 2379 1205 2419 pr.
1244 2366 1504 2419 Barcinon.,
1549 2365 1697 2409 CosrA
1741 2369 1859 2409 teste
1898 2366 2027 2423 PAU).
2062 2390 2115 2396 —
2150 2368 2201 2419 ὅ.
2235 2367 2370 2423 Majo,

305 2423 507 2525 Junlffalbl
539 2423 739 2536 {lystah
775 2482 914 2536 Siles,
948 2482 1144 2537 Bohem.,
1177 2484 1396 2526 Moravia.

316 2576 319 2579 ·
395 2555 581 2598 2519biS.
615 2555 1063 2610 Echinospermum
1094 2556 1368 2600 barbatum
1401 2557 1475 2613 (M.
1499 2556 1647 2612 ΒΙΕΒ.)
1680 2556 1829 2599 LEHM.
1863 2556 2056 2611 Asperif.
2081 2571 2122 2600 n.
2150 2557 2245 2610 128,
2279 2557 2369 2600 DC.

246 2615 402 2657 Prodr.
437 2614 490 2670 X,
525 2628 565 2668 p.
601 2614 709 2657 137!
743 2615 977 2671 (Myosotis
1009 2614 1202 2658 barbata
1234 2616 1292 2658 M.
1316 2617 1445 2658 Bmss.
1479 2616 1545 2658 Fl.
1579 2620 1697 2658 taur.
1732 2629 1853 2657 66116.
1887 2616 1922 2669 Ι,
1955 2629 1996 2669 p.
2021 2615 2158 2671 4271).
2213 2616 2369 2670 Subsp.

247 2686 616 2728 aragonense
648 2673 760 2716 REV.
786 2679 831 2716 et
852 2674 1027 2717 FREYN.
1085 2673 1252 2717 Differt
1284 2688 1311 2716 a
1344 2675 1488 2728 specie
1519 2674 1762 2717 muricibus
1794 2675 2060 2717 nucularum
2083 2680 2166 2717 aut
2187 2675 2373 2718 obscure

247 2732 474 2774 biseriatis
519 2735 599 2774 aut
641 2731 924 2786 uniseriatis,
969 2746 1100 2787 saepe
1145 2734 1202 2775 ad
1240 2734 1429 2776 nodulos
1461 2736 1747 2776 mucronatos
1778 2733 1989 2776 reductis.
2054 2734 2210 2788 Quoad
2241 2734 2372 2776 indu-

247 2795 448 2834 mentum
480 2794 525 2833 et
556 2791 686 2833 fiores
719 2804 817 2833 cum
849 2792 900 2833 E.
935 2791 1123 2835 barbato
1156 2793 1404 2835 identicum
1435 2792 1645 2849 (FREYN).

395 2849 451 2891 In
482 2850 716 2904 Aragonia
748 2850 941 2892 australi
973 2851 1225 2907 (REVEROH.
1260 2850 1406 2907 1892).
1439 2876 1494 2882 —
1529 2852 1603 2904 3?
1636 2850 1695 2906 (n.
1729 2849 1801 2906 v.).

399 2907 520 2962 Spec.
553 2909 658 2950 inde
691 2908 747 2951 ab
768 2909 902 2951 India
933 2922 1011 2963 per
1033 2909 1237 2952 Persiam
1269 2915 1315 2952 et
1336 2910 1492 2953 Asiam
1518 2922 1658 2962 usque
1680 2910 1738 2951 ad
1761 2909 1890 2952 Sibir.
1913 2909 2133 2965 Uralens.,
2166 2909 2375 2952 Rossiam

309 2971 449 3010 austr.
485 2971 530 3009 et
550 2966 814 3022 Bulgariam
848 2968 1048 3021 dispersa
1081 2973 1150 3011 est
1177 2972 1223 3010 et
1245 2982 1415 3021 quoque
1437 2969 1485 3010 in
1506 2969 1659 3022 imper.
1683 2969 1874 3012 Marocc.
1899 2968 1957 3025 (J.
1981 2968 2128 3022 BALL)
2150 2969 2372 3022 provenit.

397 3025 474 3069 Ob
489 3038 508 3067 s
523 3038 631 3067 erv.
683 3025 828 3078 Quum
859 3027 1063 3080 plantam
1084 3028 1395 3082 Reverchonii,
1428 3040 1541 3080 quae
1573 3026 1768 3070 fortasse
1792 3040 1892 3070 cum
1914 3027 2053 3081 stirpe
2075 3040 2102 3069 a
2125 3027 2177 3070 cl.
2201 3028 2373 3070 ΖΑΡΑΤ.

306 3098 371 3138 pr.
406 3084 750 3127 Tramacastillo
790 3085 907 3127 lecta
948 3099 975 3127 a
1016 3086 1067 3128 61.
1102 3086 1199 3130 Pin
1232 3087 1350 3143 (Not.
1384 3086 1475 3129 bot.
1508 3086 1575 3140 II,
1618 3085 1718 3141 321)
1748 3099 1827 3140 pro
1859 3087 1911 3129 E.
1943 3085 2092 3139 patuli
2122 3086 2280 3128 variet.
2315 3085 2373 3142 (1³)

306 3143 463 3186 habita
494 3143 692 3186 identica
725 3147 806 3197 est,
839 3156 929 3186 non
961 3145 1163 3201 viderim,
1196 3145 1437 3200 diagnosin
1469 3145 1521 3187 E.
1545 3143 1726 3187 barbati
1756 3145 1897 3199 typici
1927 3144 1970 3187 h.
1993 3144 2021 3187 1.
2055 3145 2219 3187 addere
2249 3145 2371 3187 volo:

400 3201 562 3258 „Caule
595 3204 741 3244 erecto
766 3215 955 3256 superne
976 3216 1166 3259 ramoso,
1198 3203 1324 3246 foliis
1345 3203 1612 3246 lanceolatis
1634 3203 1847 3256 cauleque
1868 3203 1991 3246 villis
2011 3202 2375 3246 incumbentibus

307 3260 662 3314 canescentibus,
695 3261 969 3304 radicalibus
994 3261 1365 3318 subspathulatis,
1398 3262 1628 3316 pedicellis
1651 3263 1825 3318 erectis,
1861 3261 2027 3304 corolla
2047 3274 2216 3317 magna
2235 3261 2371 3305 limbo

307 3319 575 3374 explanato,
617 3319 794 3362 nuculis
836 3320 1004 3363 aculeis
1046 3321 1319 3364 brevissimis
1363 3319 1652 3376 glochidiatis
1694 3321 1808 3364 serie
1848 3320 2015 3375 duplici
2044 3320 2250 3375 margine
2281 3320 2372 3363 dis-

307 3379 467 3431 positis
516 3380 562 3420 et
608 3377 856 3420 tuberculis
904 3379 1083 3422 callosis
1130 3380 1394 3434 adspersis.“
1454 3379 1652 3436 (LEHM.).
1721 3379 1898 3422 0616116
1930 3392 2095 3422 azurea
2141 3381 2224 3421 aut
2269 3378 2377 3421 alba

305 3436 621 3492 magnitudine
654 3436 843 3489 Myosot.
877 3437 1107 3491 palustris.

395 3509 523 3552 2520.
557 3509 917 3564 cynoglossum
949 3510 1279 3554 cheirifolium
1301 3511 1351 3553 L.
1400 3511 1616 3553 Provenit
1638 3523 1810 3564 quoque
1831 3511 1879 3553 in
1901 3511 2105 3554 Navarra
2128 3509 2181 3566 (6.
2204 3510 2370 3564 Capar-

248 3580 350 3611 roso
382 3567 538 3622 frequ.,
572 3568 752 3623 CASAV.)
785 3571 831 3610 et
861 3581 983 3622 prov.
1007 3568 1159 3612 Gadit.
1195 3569 1275 3625 (pr.
1299 3570 1432 3613 Jerez
1464 3569 1523 3611 ad
1553 3569 1783 3612 Convento
1816 3569 1888 3612 del
1909 3569 2054 3623 Valle,
2086 3569 2201 3612 PER.
2223 3568 2370 3622 LARA,

250 3626 533 3681 Grazalema,
565 3626 825 3669 REVEROHA
859 3625 1006 3682 1890).

396 3699 525 3741 2521.
559 3698 922 3753 cynoglossum
960 3699 1345 3755 heterocarpum
1380 3701 1496 3743 ΚΖΕ.
1531 3699 1676 3742 Chlor.
1711 3699 1883 3756 (1845),
1917 3698 2022 3742 Wx.
2054 3699 2278 3742 Illustrat.
2310 3699 2372 3755 H,

250 3769 290 3810 p.
323 3756 423 3811 121,
455 3761 488 3800 t.
524 3756 639 3799 CLX
671 3756 734 3813 (0.
757 3757 1053 3800 Arundanum
1085 3758 1211 3801 Coss.
1245 3757 1347 3801 Not.
1381 3757 1520 3812 18493
1553 3758 1598 3801 0.
1628 3757 1925 3801 cheirifolium
1955 3766 1996 3813 β.
2031 3757 2371 3810 heterocarpum

251 3814 364 3858 PER.
399 3815 532 3858 LARA
562 3815 590 3859 l.
625 3827 659 3857 6.
692 3827 733 3869 p.
767 3815 908 3871 3031).
970 3817 1097 3858 Adde
1130 3817 1249 3859 loca:
1285 3817 1434 3860 816116
1466 3816 1537 3859 (161
1569 3817 1709 3859 Pinar
1739 3830 1803 3871 pr.
1835 3816 2180 3869 Benamahoma‚
2213 3815 2271 3858 ad
2302 3815 2373 3858 La
