2455 4033
1229 167 1350 221 198

815 322 1005 365 Genus
1037 333 1242 362 novum
1272 321 1549 363 incertae
1584 320 1763 362 sedis:

381 425 797 480 DCXLVIHbis.
833 422 1500 476 HETEROSCIADIUM
1527 423 1660 474 LGE.
1689 438 1846 475 mscr.
1869 423 1925 475 in
1950 423 2056 475 litt.
2082 427 2138 476 et
2165 425 2344 478 sched.

241 501 550 568 „Umbellae
599 498 948 563 compositae,
1002 497 1336 562 polygamae.
1415 496 1608 548 Flores
1663 495 1889 548 omnium
1940 496 2345 549 umbellularam

233 574 471 626 nonnulli
521 570 964 636 hermaphroditi,
1018 569 1254 635 fertiles,
1306 569 1521 634 plurimi
1558 569 1782 621 masculi
1822 569 2052 622 steriles.
2133 569 2347 636 Calycis

233 663 417 713 margo
460 646 760 709 obsoletus,
803 644 989 709 petala
1029 647 1260 710 anguste
1303 644 1554 708 obovata,
1596 641 1713 694 fere
1754 643 1821 694 ad
1848 643 2004 695 basin
2031 642 2209 710 bifida,
2253 659 2346 696 ex-

233 720 437 772 teriora
475 718 761 771 radiantia.
844 715 1086 769 Stamina
1126 716 1215 768 diu
1254 715 1623 782 persistentia,
1664 715 1953 769 filamentis
1993 715 2344 782 tenuissimis3

234 793 363 858 styli
401 791 736 858 longiusculi,
780 790 964 855 erecti,
1008 789 1371 855 subparalleli.
1438 789 1675 841 Fructus
1717 788 2075 858 (immaturus)
2107 789 2346 856 lineariS,

231 865 669 930 mericarpiorum
727 863 892 916 costis
950 863 1220 928 primariis
1277 864 1309 915 5
1360 861 1702 928 prominuliS,
1763 862 1964 915 aculeis
2019 863 2347 929 subgeminis

234 939 470 1002 setisque
498 953 662 1002 parce
691 937 897 1003 obsitiS,
929 936 1262 989 secundariis
1292 935 1565 1001 depressis
1594 935 2032 1001 stellato-pilosis
2061 939 2118 988 et
2144 936 2347 1003 glochi-

234 1012 412 1077 diatiS,
455 1011 721 1077 evittatis,
765 1011 862 1063 sed
900 1010 1044 1063 vitta
1081 1026 1278 1077 magna
1318 1011 1415 1063 sub
1458 1009 1648 1074 quovis
1684 1009 1815 1076 jugo
1855 1008 2110 1075 primario
2150 1009 2344 1075 posita.

230 1085 493 1137 Albumen
523 1127 532 1136 .
566 1128 575 1137 .
608 1128 616 1136 .
643 1085 669 1136 ⁶?
717 1085 811 1121 —“

379 1186 563 1229 2979b15.
604 1186 660 1229 H.
695 1185 1052 1240 androphilum
1083 1187 1192 1229 Len.
1228 1186 1285 1228 ad
1324 1187 1406 1227 int.
1442 1185 1543 1241 („ob
1584 1184 1715 1227 flores
1753 1184 1968 1238 plurimos
2004 1184 2224 1227 masculos
2256 1189 2349 1228 sta-

231 1246 438 1299 minaque
470 1246 546 1287 diu
578 1245 928 1301 persistentia“).
997 1244 1186 1299 „Annua
1220 1245 1296 1301 (22),
1330 1250 1429 1287 tota
1460 1244 1656 1299 hispida,
1701 1243 1826 1285 caule
1858 1242 1916 1286 30
1938 1256 2005 1286 cm
2037 1243 2152 1298 alto,
2184 1243 2290 1287 inde
2321 1258 2349 1286 a

230 1305 326 1347 basi
369 1304 702 1359 subdichotome
744 1316 944 1358 ramoso3
987 1304 1108 1346 foliis
1147 1304 1545 1357 tripinnatisectis,
1591 1302 1834 1358 segmentis
1866 1302 2038 1345 ultimis
2069 1302 2346 1356 lanceolatis,

229 1364 529 1417 mucronatis;
570 1364 802 1406 involucro
833 1363 1122 1418 pleiophyllo,
1168 1362 1330 1416 phyllis
1362 1363 1698 1416 pinnatisectis,
1743 1361 2025 1404 involucellis
2057 1360 2239 1416 trifidis,
2273 1375 2347 1416 pe-

223 1423 339 1465 talis
371 1421 523 1465 albis.“

374 1481 429 1524 In
460 1494 599 1536 regno
633 1481 822 1524 Granat.
857 1480 1024 1536 (Sierra
1057 1480 1109 1522 de
1141 1479 1314 1534 Ronda,
1348 1479 1632 1531 REVERCH.*,
1667 1479 1706 1520 d.
1737 1479 1793 1521 13
1822 1480 1926 1522 Jun.
1951 1477 2098 1534 1889).
2123 1502 2178 1508 —
2203 1478 2262 1534 (n.
2285 1478 2346 1535 v.)

377 1540 411 1583 O
425 1539 485 1582 bs
499 1553 606 1581 erv.
646 1538 1153 1595 „Grammosciadium
1174 1540 1339 1593 Borss„
1364 1539 1511 1591 quoad
1531 1538 1736 1580 habitum
1758 1537 1996 1592 subsimile,
2022 1535 2173 1579 differt
2194 1537 2345 1580 radice

286 1599 492 1653 perenni,
537 1598 701 1653 calycis
742 1599 947 1653 margine
979 1599 1185 1651 dentato,
1227 1598 1349 1652 jugis
1380 1598 1605 1651 primariis
1638 1597 1838 1638 laevibus
1871 1604 1917 1638 et
1947 1596 2184 1650 praecipue
2216 1597 2346 1639 vittis

287 1658 466 1712 magnis
507 1660 613 1699 ante
654 1657 765 1712 juga
796 1657 1009 1711 primaria
1043 1658 1141 1710 (nec
1171 1657 1219 1698 in
1251 1656 1502 1712 valleculis)
1534 1657 1694 1710 posita.
1758 1655 1902 1697 Locus
1934 1656 1981 1696 in
2013 1658 2256 1708 systemate
2290 1655 2344 1698 ob

289 1715 512 1759 defectum
545 1715 722 1758 fructus
752 1717 920 1758 maturi
951 1716 1189 1758 incertus.“
1243 1714 1450 1770 (LANGE.)

375 1789 503 1833 2980.
536 1789 783 1844 Marqotia
816 1788 1111 1844 qummiiera
1134 1788 1308 1844 (DESF.)
1332 1789 1441 1830 Len.
1494 1788 1621 1830 Adde
1653 1787 1771 1829 loca:
1805 1800 1869 1841 pr.
1892 1787 1949 1829 E}
1970 1785 2174 1829 Escorial
2198 1787 2344 1842 (LER.,

229 1848 360 1903 LEV.,
404 1848 557 1905 1879),
603 1848 751 1891 Sierra
795 1848 848 1890 de
889 1848 1100 1890 Cartama
1133 1848 1407 1902 fflEVERCH„
1449 1845 1601 1901 1888),
1647 1847 1703 1888 ad
1745 1846 1785 1888 S.
1819 1845 2056 1888 Fernando
2098 1859 2162 1899 pr.
2197 1845 2346 1889 Gades

229 1906 414 1964 (Ciam),
449 1908 662 1950 Chiclana
693 1908 740 1949 in
771 1908 912 1949 Pinar
944 1907 997 1949 de
1030 1906 1075 1949 16
1106 1906 1335 1948 Dehesilla
1368 1905 1497 1961 (PER.
1533 1905 1693 1961 LARA).

374 1980 535 2024 ‚92982
568 1980 934 2023 Elaeoselinum
965 1979 1185 2022 meoides
1217 1979 1362 2021 Kocn.
1425 1979 1577 2021 Etiam
1618 1979 1666 2020 in
1704 1991 1826 2032 prov.
1859 1977 2058 2020 Malacit.
2092 1976 2258 2034 (Sierra
2291 1977 2345 2019 de

228 2040 450 2093 Cartama,
484 2040 719 2082 REVERCH.
756 2038 899 2095 1888).

376 2112 502 2154 2983.
535 2111 904 2155 Elaeoselinum
935 2110 1252 2155 tenuifolium
1286 2110 1432 2166 (LAG.)
1464 2111 1574 2153 LGE.
1609 2111 1677 2166 (E.
1711 2110 1943 2165 Lagascae
1974 2108 2157 2165 Boiss.)
2216 2109 2343 2152 Adde

227 2172 345 2214 loca:
389 2173 436 2213 in
478 2185 618 2227 regno
662 2171 849 2214 Grranat.
890 2172 937 2212 in
979 2171 1126 2213 Sierra
1167 2170 1219 2211 de
1252 2169 1463 2212 Cartama
1506 2169 1783 2226 fflEVEROH„
1826 2167 1958 2223 1888)
2001 2171 2045 2210 et
2086 2181 2149 2221 pr.
2182 2168 2344 2210 Ronda

227 2230 502 2286 (mamaea,
538 2229 690 2285 1889),
733 2231 781 2272 in
812 2229 950 2272 Mure.
984 2230 1066 2271 int.
1100 2229 1346 2284 Algezares
1378 2231 1423 2270 et
1454 2229 1740 2282 Fuensanta,
1783 2228 1830 2269 in
1863 2227 1994 2269 Cerro
2029 2227 2100 2269 del
2132 2226 2245 2268 Pino
2277 2241 2342 2281 pr.

224 2289 376 2332 Hellin
411 2288 590 2345 (RoUY),
623 2302 687 2342 pr.
722 2289 980 2343 Cartagena
1013 2288 1190 2343 (PORTA
1223 2290 1268 2329 et
1299 2288 1430 2340 Rieo,
1466 2286 1610 2342 1890),
1643 2287 1691 2328 in
1722 2299 1843 2340 prov.
1874 2286 2024 2329 Gadit.
2058 2299 2121 2340 pr.
2156 2286 2255 2328 Pto,
2290 2286 2344 2328 de

225 2348 316 2391 Sta.
340 2348 486 2390 Maria
518 2348 575 2390 ad
598 2348 826 2390 Convento
860 2348 914 2389 de
946 2347 990 2389 16
1013 2347 1184 2389 Piedad
1218 2345 1442 2402 (Bonae.)
1478 2370 1531 2376 —-
1564 2346 1781 2388 Provenit
1812 2357 1982 2398 quoque
2014 2345 2062 2386 in
2082 2357 2222 2399 regno
2240 2344 2340 2387 Val.

222 2409 305 2463 (pr.
341 2406 380 2448 8.
414 2407 566 2461 Felipe
599 2407 652 2449 de
685 2406 842 2450 Jativa
873 2407 920 2448 in
953 2406 1085 2448 Cerro
1119 2405 1189 2448 del
1222 2405 1441 2458 Calvario,
1474 2404 1551 2447 ubi
1583 2404 1804 2457 abundat,
1838 2405 1886 2446 in
1919 2403 2084 2446 Cuesta
2116 2403 2170 2445 de
2200 2403 2344 2458 Barig

223 2479 286 2519 pr.
311 2465 571 2521 Valldigna,
604 2479 668 2519 pr.
693 2466 984 2520 Carcagente,
1019 2465 1166 2507 Denia
1196 2464 1245 2506 in
1268 2463 1454 2507 montib.
1477 2465 1559 2506 int.
1585 2462 1705 2505 Grata
1727 2466 1772 2505 et
1793 2462 2008 2517 Feulada,
2040 2475 2104 2516 pr.
2129 2461 2342 2504 Orihuela

225 2538 279 2566 en
312 2524 356 2566 16
387 2524 562 2579 huerta,
595 2524 757 2568 ROUY.

372 2582 603 2626 Observ.
668 2524 744 2626 Ol.)
771 2584 901 2625 Rom
947 2582 1069 2639 (Exc.
1112 2582 1202 2624 bot.
1235 2582 1279 2635 I,
1323 2595 1363 2635 p.
1397 2580 1466 2636 81)
1509 2583 1555 2623 et
1596 2580 1712 2622 hanc
1754 2580 1942 2633 speciem
1985 2583 2030 2621 et
2072 2592 2191 2622 num.
2226 2578 2342 2622 2982

282 2642 505 2684 identicas
547 2655 642 2684 esse
685 2655 784 2684 cum
813 2642 865 2683 E.
899 2642 1173 2694 Asclepio
1207 2640 1294 2696 (L.)
1326 2641 1528 2683 BERTOL.
1562 2651 1657 2681 esse
1699 2642 1870 2693 censet,
1914 2651 2049 2691 quum
2078 2650 2168 2680 non
2197 2638 2341 2681 solum

282 2700 440 2753 planta
463 2701 510 2742 in
534 2700 680 2742 816116
704 2701 757 2743 de
779 2702 807 2744 J
811 2701 935 2743 ativa
960 2713 1162 2742 crescens
1187 2699 1334 2756 (unico
1357 2700 1405 2740 in
1426 2698 1534 2751 loco,
1561 2697 1637 2740 ubi
1657 2697 1708 2741 Ε.
1732 2698 1927 2740 meoides
1949 2696 2094 2752 KocH,
2117 2709 2230 2750 quae
2254 2709 2338 2740 sec.

282 2759 332 2800 cl.
376 2759 537 2802 LANGE
581 2773 607 2801 a
650 2759 966 2812 speciminibus
1006 2758 1318 2801 mauritanicis
1358 2756 1696 2810 Laserpitii
1738 2756 1983 2798 meoidis
2025 2756 2165 2798 DESF.
2208 2755 2339 2800 valde

282 2817 518 2872 discrepat,
550 2817 778 2871 hucusque
810 2817 1011 2860 indicata
1043 2817 1150 2873 fuit)
1183 2830 1283 2859 cum
1303 2817 1354 2859 E.
1378 2815 1583 2869 Asclepio
1617 2816 1795 2857 omnino
1829 2817 2063 2871 congruat,
2096 2814 2174 2858 sed
2201 2815 2339 2856 etiam

282 2874 523 2929 specimina
564 2877 616 2919 E.
650 2876 963 2918 tenuifolii
1006 2877 1062 2919 ab
1105 2889 1154 2918 eo
1197 2877 1245 2918 in
1287 2875 1395 2918 locis
1435 2874 1648 2917 indicatis
1690 2874 1808 2917 lecta
1840 2873 1896 2916 ab
1926 2873 2008 2916 illa
2040 2873 2184 2927 specie
2215 2872 2339 2915 nullo

278 2935 408 2977 modo
451 2933 677 2978 differant.
740 2935 998 2978 Deleandus
1039 2936 1183 2991 igitur
1224 2934 1404 2978 videtur
1443 2946 1562 2976 num.
1597 2931 1711 2974 2982
1750 2932 1797 2976 et
1826 2945 1988 2975 nomen
2019 2932 2193 2975 numeri
2224 2930 2340 2974 2983

281 2993 549 3036 mutandum
579 2994 626 3035 in
657 2994 708 3036 E.
742 2994 1078 3048 Asclepium
1108 2994 1252 3037 BERT.

368 3064 496 3108 2984.
530 3066 897 3109 Elaeoselinum
927 3066 1172 3110 foetidum
1202 3067 1354 3109 Borss.
1402 3064 1619 3106 Provenit
1651 3064 1763 3106 satis
1794 3062 1936 3118 frequ.
1970 3063 2018 3106 in
2039 3076 2161 3117 prov.
2185 3063 2337 3106 Gadit.

220 3125 272 3180 (c.
306 3124 405 3166 Pto.
439 3124 492 3167 de
527 3124 617 3166 Sta.
650 3126 815 3178 Maria,
857 3126 1054 3179 Bonna,
1097 3126 1145 3167 in
1186 3125 1353 3178 pinetis
1393 3123 1450 3165 ad
1481 3122 1695 3165 Chiclana
1727 3126 1773 3165 et
1803 3123 1902 3165 Pto.
1935 3122 2069 3177 Real,
2113 3135 2148 3164 c.
2181 3121 2336 3177 Algar,

219 3182 390 3238 Alcala,
424 3184 578 3238 Areos,
610 3184 692 3226 int.
726 3184 905 3228 Jimena
937 3188 983 3227 et
1015 3183 1248 3237 Castellar,
1281 3184 1329 3224 in
1362 3182 1532 3224 ditione
1564 3181 1660 3224 urb.
1694 3182 1722 3225 J
1727 3194 1838 3236 erez,
1872 3181 1986 3224 PER.
2009 3181 2155 3234 LARA,
2188 3193 2224 3223 c.
2247 3181 2338 3223 Los

221 3241 404 3284 Barrios
437 3246 483 3284 et
512 3255 576 3295 pr.
609 3242 855 3297 Algeciras,
889 3242 1139 3298 REvERcH,
1174 3240 1318 3293 1887).

368 3313 495 3357 2985.
529 3314 900 3358 Elaeoselinum
937 3315 1162 3360 Loscosii
1200 3316 1311 3358 Len.
1374 3313 1592 3357 Deleatur
1632 3313 1704 3355 hic
1745 3325 1977 3368 numerus,
2020 3312 2137 3367 quod
2176 3311 2336 3366 planta

220 3373 260 3415 h.
294 3373 322 3415 1.
357 3373 580 3428 descripta
612 3374 669 3416 ad
700 3374 890 3417 Ferulae
923 3387 1066 3430 genus
1097 3374 1306 3429 pertinet.
1362 3372 1493 3429 (Vide
1526 3385 1568 3414 n.
1603 3371 1812 3428 3010bi8.)

367 3445 494 3489 2986.
529 3444 748 3501 Thapsia
778 3446 957 3490 villosa
988 3448 1038 3490 L.
1071 3455 1112 3502 β.
1146 3446 1425 3490 latifolia
1455 3444 1608 3488 Bmss,
1661 3445 1877 3488 Provenit
1908 3444 2046 3487 etiam
2065 3444 2114 3486 in
2133 3443 2334 3498 Aragon.

220 3508 360 3548 austr.
395 3505 494 3561 (int.
527 3506 795 3548 Albarracin
834 3508 880 3548 et
912 3505 1144 3560 Orihuela,
1187 3519 1252 3560 pr.
1284 3505 1515 3554 RodenaS,
1559 3503 1852 3559 Bronchales,
1895 3503 2084 3546 ZAPAT.!
2117 3500 2248 3557 1879)
2289 3505 2337 3544 et

220 3576 341 3616 prov.
375 3563 525 3606 Gadit.
559 3564 624 3620 (in
657 3564 805 3607 Sierra
837 3564 890 3607 de
922 3564 1101 3620 Palma,
1142 3566 1378 3608 REVERcH.
1413 3560 1547 3616 1888,
1591 3575 1625 3605 6.
1660 3563 1792 3606 Jerez
1823 3564 1869 3604 et
1900 3560 2187 3614 Grazalema,
2219 3560 2334 3602 PER.

217 3621 380 3679 LARA).

308 3788 317 3796 ‚
366 3754 387 3774 ³¹*
415 3752 625 3796 specimen
657 3751 819 3787 unicum
853 3761 877 3786 a
911 3752 959 3786 61.
994 3752 1258 3788 ΒΕνΕΒοΗοΝ
1292 3752 1496 3795 repertum
1533 3749 1575 3785 in
1611 3749 1800 3785 herbario
1839 3749 1888 3784 61.
1920 3749 2119 3785 HERVIER
2146 3747 2203 3791 (in
2233 3746 2334 3782 urbe

218 3797 274 3830 St.
292 3796 471 3831 Etienne
492 3796 580 3840 dep.
599 3797 731 3837 Loire)
759 3797 1009 3839 asservatur,
1036 3796 1104 3839 qui
1120 3794 1434 3840 descriptionem
1448 3793 1606 3837 Langei
1622 3802 1777 3828 mecum
1795 3793 1992 3830 benevole
2009 3791 2333 3828 communicavit.
