2455 4033
934 745 1460 846 Sporophyta.

847 925 892 978 Ι.
953 925 1130 979 Ordo
1171 924 1534 987 FILICUM.

270 1043 308 1085 2.
345 1042 763 1099 Gymnoqramme
795 1042 1107 1097 leptophylla
1147 1041 1234 1097 (L.)
1267 1043 1408 1084 DEsv.
1468 1042 1687 1085 Provenit
1718 1056 1890 1096 quoque
1921 1045 1969 1086 in
2002 1044 2146 1088 Catal.
2181 1043 2257 1101 (ad

118 1116 251 1158 rupes
271 1103 504 1146 umbrosas
521 1116 584 1156 pr.
605 1101 849 1155 Cadaques,
871 1101 1110 1157 TREMOLS)
1129 1106 1176 1144 et
1197 1102 1244 1143 in
1262 1114 1383 1155 prov.
1404 1101 1556 1144 Gadit.
1576 1101 1657 1157 (pr.
1676 1102 1927 1158 Algeciras,
1954 1104 2068 1147 PER.
2094 1104 2255 1160 Lm).

269 1175 308 1218 5.
342 1175 689 1220 Notochlaena
709 1176 971 1219 Marantae
994 1176 1080 1231 (L.)
1104 1175 1156 1217 R.
1183 1175 1266 1217 BR.
1316 1176 1470 1218 Etiam
1491 1176 1539 1218 in
1561 1189 1702 1231 regno
1726 1176 1908 1220 Valent.
1943 1178 2114 1232 (Monte
2135 1178 2256 1222 Malo

117 1249 182 1290 pr.
218 1235 426 1291 Segorbe‚
460 1235 578 1291 PAU)
619 1240 665 1278 et
697 1235 744 1277 in
779 1235 990 1278 Serrania
1027 1235 1080 1277 de
1113 1234 1293 1278 Cuenca
1325 1235 1406 1291 (pr.
1441 1233 1708 1290 Casapolau,
1742 1237 1877 1291 DJEK,
1913 1235 2058 1293 1892).

269 1309 308 1352 6.
341 1309 688 1352 Notochlaena
719 1309 880 1352 vellea
917 1310 1058 1352 Dnsv.
1093 1309 1241 1351 Adde:

342 1376 383 1423 β.
416 1368 607 1424 longis
614 1369 744 1423 olia,
779 1367 1016 1411 frondibus
1045 1367 1103 1411 30
1125 1382 1192 1410 cm
1224 1368 1252 1410 1.
1276 1382 1315 1410 v.
1340 1368 1633 1423 longioribus,
1668 1370 1860 1412 circuitu
1883 1369 1976 1412 late
1998 1370 2257 1414 linearibus.

267 1428 339 1471 Ad
370 1441 504 1482 rupes
548 1428 655 1470 calc.
689 1441 754 1482 pr.
787 1427 975 1483 Malaga
1008 1427 1317 1483 (REVERCHON
1361 1427 1495 1482 1889,
1531 1441 1620 1471 exs.
1655 1442 1696 1470 n.
1731 1428 1871 1485 3032).
1921 1430 2086 1472 Forma
2107 1430 2259 1485 typica

178 1487 284 1530 inde
318 1501 345 1529 a
372 1487 516 1530 Catal.
542 1488 700 1530 orient.
737 1487 817 1543 (pr.
842 1487 1089 1542 Cadaques,
1114 1486 1306 1543 TREM.!)
1337 1501 1416 1542 per
1438 1488 1635 1541 provinc.
1659 1488 2017 1533 mediterraneas
2049 1489 2107 1532 ad
2129 1489 2258 1533 Lusi-

179 1547 355 1589 taniam
384 1547 577 1589 mediam
612 1546 762 1603 (Serra
795 1546 1078 1601 d'Arrabida,
1112 1546 1310 1603 WELW.)
1344 1547 1616 1590 extenditur.

267 1619 366 1662 8biS.
410 1620 743 1676 Polypodium
785 1619 1118 1676 Pheqopteris
1158 1621 1208 1663 L.
1250 1621 1354 1664 Cod.
1391 1621 1706 1678 (Phegopteris
1747 1622 2085 1677 polypodioides
2127 1623 2256 1680 FEE).

117 1678 285 1724 Differt
315 1693 343 1722 a
375 1680 425 1722 P.
450 1681 750 1735 Dryopteride
782 1679 1019 1723 frondibus
1053 1680 1187 1736 longe
1210 1681 1496 1736 acuminatis,
1531 1681 1725 1724 circuitu
1746 1681 1841 1724 fere
1862 1681 2073 1737 hastatis,
2098 1682 2257 1727 subtus

118 1739 478 1794 pubescentibus,
513 1740 668 1794 stipite
701 1739 835 1782 limbo
869 1740 1084 1782 breviore.

265 1800 321 1842 In
353 1798 497 1842 Catal.
533 1799 601 1855 (in
634 1799 760 1842 silvis
792 1799 987 1852 locisque
1029 1799 1225 1842 humidis
1264 1812 1328 1854 pr.
1364 1797 1626 1854 Set-Casas,
1673 1798 1932 1844 Costabana
1971 1801 2257 1857 Pyrenaemn,

177 1858 360 1914 Vua).
412 1867 456 1908 λι.
491 1858 582 1902 Jul.
618 1858 678 1915 (n.
711 1858 783 1914 v.).
819 1883 874 1889 —
907 1858 1078 1914 Vulgo:
1119 1858 1504 1915 „Falgueras“
1542 1859 1686 1902 Catal.

264 1917 380 1960 Hab.
413 1918 462 1959 in
496 1918 616 1960 omni
648 1917 743 1960 fere
775 1919 971 1972 Europa.

268 1989 367 2032 8²01.
400 1991 733 2046 Polypodium
755 1991 1122 2035 Robertianum
1142 1993 1325 2036 HOFFM.
1360 1993 1426 2047 (P.
1452 1992 1704 2035 calcareum
1726 1992 1835 2049 SM.)
1885 1994 2141 2039 Frondibus
2173 1995 2256 2039 cir-

117 2052 243 2094 cuitu
265 2050 628 2106 triangularibus
661 2055 708 2093 et
729 2051 1111 2105 tripinnatisectis
1143 2056 1196 2094 ut
1227 2052 1275 2093 in
1308 2052 1357 2094 P.
1383 2052 1682 2107 Dryopteride
1707 2053 1784 2095 sed
1807 2052 2260 2110 glanduloso—pubes-

115 2109 336 2165 centibus,
371 2110 484 2153 soris
516 2110 855 2165 approximatis,
891 2111 1069 2153 demum
1100 2110 1444 2154 confluentibus.

264 2170 319 2213 In
351 2169 514 2223 Pyren.
548 2170 749 2225 Aragon.
784 2169 864 2224 (pr.
899 2170 1159 2225 Panticosa,
1195 2171 1294 2214 Soc.
1329 2171 1430 2213 Bot.
1466 2170 1604 2228 gall.)
1640 2196 1694 2203 —
1731 2183 1774 2223 ιι.
1810 2172 1869 2228 (n.
1903 2172 1976 2230 v.).

261 2228 378 2272 Hab.
413 2229 462 2270 in
494 2229 616 2271 omni
647 2228 743 2272 fere
775 2229 971 2284 Europa.

265 2303 304 2346 9.
346 2302 678 2358 Polypodium
720 2304 928 2359 vulgare
970 2304 1019 2346 L.
1062 2313 1104 2359 β.
1155 2310 1456 2348 serratum
1491 2304 1564 2347 W.
1643 2307 1798 2350 Etiam
1850 2307 1908 2350 ad
1951 2307 2040 2351 litt.
2087 2308 2256 2352 Gallec.

115 2361 196 2418 (pr.
215 2362 516 2417 Pontevedra,
544 2362 786 2419 SEOAxmt).
829 2362 1066 2408 Observ.
1107 2363 1350 2420 Segmenta
1382 2363 1557 2408 frondis
1595 2366 1643 2407 in
1682 2365 1767 2409 hac
1798 2367 1957 2410 variet.
2000 2366 2259 2422 plerumque

113 2422 374 2465 acuminata
407 2427 454 2464 et
485 2428 622 2466 acuta
655 2428 774 2478 sunt,
808 2423 856 2465 in
889 2441 928 2465 α.
964 2436 1136 2478 semper
1169 2423 1343 2467 obtusa.

264 2495 332 2539 11.
367 2495 694 2540 Cheilanthes
727 2496 1002 2555 odorassw.
1066 2498 1286 2540 Provenit
1316 2498 1455 2541 etiam
1486 2498 1535 2541 in
1568 2498 1712 2542 Catal.
1747 2499 1824 2556 (ad
1855 2513 1990 2554 rupes
2021 2513 2087 2556 pr.
2113 2500 2257 2545 Cada-

113 2556 234 2609 ques,
269 2554 452 2611 Tarm),
485 2556 746 2599 Extremad.
781 2556 949 2613 (Sierra
972 2557 1026 2600 de
1047 2557 1300 2613 Plasencia,
1325 2558 1521 2601 Bonna!
1556 2563 1602 2601 et
1633 2571 1755 2613 prov.
1790 2558 1943 2603 Gadit.
1979 2559 2060 2616 (pr.
2086 2559 2257 2604 Graza·

113 2614 230 2658 lema
262 2615 321 2657 ad
352 2628 486 2669 rupes
519 2615 641 2671 calc,
682 2616 946 2660 REVERcHA
982 2615 1127 2673 1890).
1176 2617 1405 2670 Frequens
1437 2618 1485 2659 in
1521 2631 1663 2674 regno
1696 2618 1878 2663 Valent.
1913 2619 1994 2676 (pr.
2029 2620 2070 2663 S.
2103 2619 2257 2676 Felipe

114 2674 168 2717 de
200 2674 372 2729 Jativa,
406 2675 538 2729 Dmv„
571 2675 619 2717 in
652 2679 805 2718 monte
837 2676 1006 2731 Mongo
1038 2689 1103 2731 pr.
1137 2677 1298 2732 Denia,
1332 2676 1559 2720 LACAITA!
1595 2676 1741 2733 1884).

262 2747 332 2790 12.
367 2747 696 2793 Cheilanthes
729 2749 996 2804 hispanica
1027 2750 1177 2795 ΜΕΤΤ.
1229 2750 1406 2805 Species
1437 2750 1549 2794 haec
1580 2752 1814 2796 rarissima
1856 2757 1904 2796 et
1942 2765 2103 2808 parum
2145 2759 2257 2798 nota

112 2807 323 2861 provenit
352 2808 401 2849 in
432 2821 573 2864 regno
608 2809 794 2866 Le‘gion.
831 2809 896 2866 (in
928 2809 1048 2852 valle
1080 2809 1122 2852 fi.
1148 2809 1211 2853 Sil
1243 2810 1327 2854 int.
1351 2810 1562 2854 Palacios
1594 2811 1649 2854 de
1682 2811 1747 2855 Sil
1778 2817 1826 2856 et
1861 2813 2052 2868 Toreno,
2086 2813 2254 2869 B01ss.,

112 2866 224 2910 ΜΝ.
259 2865 407 2923 1878).

261 2939 330 2983 14.
363 2940 624 2986 Allosorus
656 2941 855 2998 crispus
887 2944 1100 2988 BERNHD.
1153 2944 1308 2988 Etiam
1339 2945 1388 2987 in
1421 2944 1566 2988 Catal.
1602 2945 1667 3000 (in
1690 2947 1865 2994 saxosis
1896 2947 2002 2991 inde
2032 2948 2092 2991 ad
2112 2948 2256 2992 Nuria

113 2999 170 3042 ad
202 2999 485 3055 Camprodon
516 3002 803 3058 Pyrenaeor.,
838 3003 1003 3059 Tum,
1038 3003 1215 3058 Tnxm„
1249 3004 1387 3047 Coma
1419 3004 1491 3047 del
1523 3004 1657 3060 Tech‚
1692 3005 1865 3062 Com).

265 3073 332 3117 16.
365 3074 532 3118 Pteris
565 3075 798 3120 ensifolia
836 3077 923 3120 Sw.
970 3078 1119 3121 Adde:
1152 3091 1217 3132 pr.
1250 3078 1414 3122 Ronda
1447 3077 1520 3134 (en
1560 3079 1601 3122 el
1634 3079 1771 3136 Tajo,
1815 3080 2056 3125 Rsvmzcn.
2103 3081 2252 3139 1889),

112 3133 262 3176 Sierra
294 3134 348 3176 de
382 3133 595 3178 Cartama
627 3135 884 3193 (REvERcH.
919 3135 1064 3193 1888).

262 3207 330 3250 17.
363 3207 639 3252 Blechnum
671 3208 884 3265 Spicant
914 3211 1062 3255 Rom.
1118 3210 1290 3255 Crescit
1321 3225 1493 3267 quoque
1523 3212 1572 3255 in
1601 3212 1863 3257 Extremad.
1899 3213 1979 3270 (pr.
2013 3215 2254 3259 Plasencia

109 3267 159 3309 in
180 3265 353 3310 fissuris
383 3281 482 3322 rup.
509 3280 645 3322 supra
667 3270 696 3314 J
698 3274 806 3324 erte,
830 3269 1008 3314 Bonae.
1022 3271 1063 3327 l).
1115 3272 1170 3315 In
1192 3284 1316 3326 prov.
1339 3271 1492 3315 Gadit.
1515 3271 1621 3315 hinc
1650 3273 1756 3316 inde
1788 3273 1841 3330 (c.
1868 3274 1899 3318 J
1901 3287 2016 3330 erez,
2038 3275 2087 3317 in
2109 3274 2253 3319 fauci-

110 3325 194 3369 bus
226 3325 490 3382 Gargantas
523 3327 578 3370 de
609 3327 655 3370 la
687 3328 838 3372 Sierra
878 3330 932 3372 de
964 3330 1134 3386 Aljibe,
1179 3331 1330 3374 Sierra
1362 3331 1417 3374 de
1449 3330 1601 3387 Luna,
1643 3332 1758 3376 PER.
1790 3333 1938 3389 ΒΑΒΑ,
1983 3346 2048 3389 pr.
2082 3334 2253 3378 Graza-

110 3384 239 3440 lema,
279 3386 543 3430 REvEchst
577 3385 726 3444 1890).

258 3459 328 3502 21.
361 3459 659 3516 Asplenium
679 3461 934 3507 marinum
955 3463 1005 3507 L.
1058 3463 1174 3508 Hab.
1198 3465 1338 3511 etiam
1357 3465 1407 3508 in
1428 3463 1574 3510 Catal.
1599 3465 1664 3522 (in
1689 3465 1822 3510 litore
1846 3467 2037 3511 ditionis
2059 3467 2250 3522 Ampur-

110 3517 214 3574 dan,
246 3519 352 3562 inde
386 3533 414 3563 a
443 3525 665 3575 promont.
697 3521 844 3566 Rosas
884 3523 942 3567 ad
973 3536 1111 3579 prom.
1145 3524 1285 3569 Oreus
1314 3537 1475 3580 usque,
1508 3523 1791 3579 frequentius
1821 3526 1871 3570 in
1903 3539 2099 3571 caverna
2130 3525 2251 3570 Cova.

109 3576 206 3623 dels
237 3575 496 3635 Capellans,
531 3579 716 3636 Tnxm„
760 3581 809 3624 in
853 3583 1059 3627 cavernis
1089 3584 1268 3638 rupium
1300 3583 1466 3628 litoral.
1499 3597 1564 3639 pr.
1598 3584 1852 3641 Cadaques,
1887 3585 2058 3642 Ἔπη,
2105 3585 2248 3629 Llano

202 3652 496 3697 Willkomm‚
528 3653 643 3686 Flora
665 3653 878 3695 hispanica.
915 3657 1238 3697 Supplementmn.
1896 3659 1920 3701 1
