2455 4033
1284 191 1406 244 194

437 350 562 393 2908.
596 348 874 402 Erythraea
895 344 1108 387 latifolia
1131 344 1205 386 sm.
1254 342 1379 385 Adde
1403 341 1518 383 loca:
1552 342 1600 383 in
1623 341 1765 383 Catal.
1789 340 1836 381 in
1858 339 2001 393 pratis
2023 337 2188 380 humid.
2213 337 2396 380 ditionis

287 410 560 464 Ampurdan.
595 421 628 450 c.
652 406 860 459 Bafiolas,
895 403 1047 456 Llado,
1083 403 1252 456 Sagaro
1284 413 1423 453 usque
1457 400 1514 441 ad
1537 400 1640 442 Olot
1667 398 1864 454 (VAYR.),
1897 398 1945 439 in
1976 410 2115 452 regno
2138 396 2238 439 Val.
2262 409 2297 438 c.
2322 396 2396 438 Se-

288 470 423 524 gorbe
457 468 502 509 in
534 457 681 508 xssallib.
716 462 932 506 silvaticis
961 460 1107 517 (PAU),
1140 473 1203 513 pr.
1228 458 1491 501 Benitachel
1524 457 1701 513 (Rom).
1750 457 1964 499 Provenit
1995 469 2164 509 quoque
2195 457 2243 497 in
2274 469 2395 509 prov.

288 528 437 570 Gadit.
472 526 551 579 (pr.
585 523 830 579 Algeciras,
864 521 1101 562 REVERCH.
1135 516 1261 569 1887,
1294 517 1343 559 111
1373 517 1538 570 pinetis
1570 530 1633 570 pr.
1657 517 1756 558 Pto.
1780 515 1904 569 Real,
1939 527 1973 556 c.
1997 516 2129 558 Jerez
2160 515 2207 556 in
2229 514 2395 558 Llanos

288 586 340 628 de
374 585 559 627 Caulina
592 586 637 624 et
671 581 726 623 ad
758 581 929 632 Arroyo
963 578 1035 620 del
1067 576 1344 630 Albaladej0,
1379 589 1412 618 c.
1449 574 1678 629 Sanlucar,
1713 574 1826 616 PER.
1859 573 2022 629 LARA).

476 659 515 703 β.
550 645 750 691 tenuis
759 646 884 687 lora
922 645 1097 686 HFFGG.
1132 642 1214 685 LK.
1277 642 1404 684 Adde
1447 641 1566 683 loca:
1610 654 1673 694 pr.
1708 639 1919 682 Cartama
1961 641 2214 696 (REvERcH.
2249 638 2394 696 1888),

548 705 813 749 Alba1·1·acin
853 703 1061 749 (ZAPATA
1098 700 1240 755 1879).
1303 701 1457 743 Etiam
1496 700 1544 741 in
1585 712 1725 754 regno
1769 698 1907 741 Mure.
1941 698 2040 754 (int.
2073 697 2318 753 Algezares
2350 703 2395 741 et
2429 751 2434 756 ι

548 766 820 816 Fuensanta,
854 761 1016 816 Rom).
1052 785 1105 791 -—
1137 760 1285 802 Adde:

472 827 1122 888 31.pseu(lolina1·ifolia
1164 826 1296 869 Rom*
1342 826 1448 867 Exc.
1491 824 1560 878 Π,
1603 837 1643 877 p.
1688 823 1766 866 751
1817 823 1968 866 differt
2014 822 2135 867 foliis
2182 826 2395 868 crassius-

548 889 670 934 culis.
704 885 1054 943 angustioribus,
1089 884 1144 927 iis
1176 885 1227 926 E.
1251 882 1580 925 linariaefoliae
1606 882 1836 937 similibus,
1870 881 2052 925 floribus
2073 882 2252 926 brevius
2273 884 2394 938 pedi-

547 948 732 998 cellatis,
767 945 964 999 cymulas
996 942 1344 987 umbelliformes
1375 941 1688 984 formantibus.

427 1009 482 1056 Jn
515 1019 652 1062 regno
686 1004 825 1047 Mure.
860 1003 959 1060 (int.
994 1002 1240 1058 Algezares
1273 1007 1318 1044 et
1350 1002 1623 1054 Fuensanta,
1656 1000 1820 1055 Rom).

429 1080 558 1123 2909.
590 1077 868 1134 Erythraea
899 1075 1134 1120 chloodes
1166 1075 1249 1118 GR.
1284 1074 1430 1118 Goon.
1493 1074 1640 1116 Adde:
1679 1074 1727 1115 in
1759 1073 1925 1117 Gallec.
1958 1086 2079 1127 prov.
2112 1073 2396 1118 Pontevedra

284 1140 511 1197 (SEOANE).

429 1210 868 1265 2911.-Erythraea
900 1208 1154 1264 gypsicola
1185 1207 1333 1250 Boiss.
1356 1208 1501 1249 REUT.
1555 1205 1786 1249 Observ.
1831 1205 1902 1246 Ad
1932 1204 2048 1247 hanc
2079 1205 2271 1259 speciem
2296 1220 2394 1260 pro-

281 1272 492 1315 babiliter
534 1269 770 1313 referenda
814 1271 881 1310 est
924 1268 1081 1321 planta
1121 1267 1354 1309 valentina
1397 1279 1422 1306 a
1465 1265 1517 1307 cl.
1552 1265 1648 1308 PAU
1690 1265 1738 1305 in
1771 1263 1914 1306 collib.
1949 1265 2182 1319 gypsaceis
2215 1265 2336 1321 (inde
2368 1279 2395 1307 a

282 1332 484 1379 Sagunto
509 1331 564 1371 ad
582 1329 859 1384 Aragoniam
881 1326 1035 1382 usque)
1058 1326 1271 1368 indicata.
1314 1324 1523 1367 Ceterum
1545 1336 1714 1376 cense0‚
1737 1323 1788 1365 E.
1807 1323 2082 1378 gypsicolam
2099 1323 2154 1365 ab
2170 1324 2222 1365 E.
2240 1324 2394 1366 linari—

278 1377 393 1433 foli'a
431 1389 632 1443 specifice
675 1400 765 1429 non
807 1384 999 1428 differre.
1062 1385 1185 1427 Idem
1216 1383 1340 1427 valet
1372 1384 1424 1425 de
1457 1383 1507 1424 Ε.
1541 1381 1840 1435 triphylla
1871 1382 2020 1426 005ΤΑ
2051 1381 2189 1438 (Supl.
2222 1395 2262 1436 p.
2295 1382 2394 1439 561)

280 1455 332 1491 ut
360 1449 452 1504 jam
482 1449 529 1489 in
562 1446 716 1489 Prodr.
750 1445 777 1487 l.
812 1458 846 1487 6.
882 1445 985 1486 dixi.

427 1520 554 1562 2912.
586 1518 868 1573 Erythraea
887 1515 1161 1560 Barrelieri
1182 1517 1296 1558 DUF.
1352 1515 1558 1558 Occurrit
1589 1525 1760 1567 quoque
1783 1512 1829 1554 111
1850 1511 2056 1555 Navarra
2079 1512 2159 1569 (pr.
2182 1514 2395 1557 Biurrum

281 1584 326 1623 et
347 1581 497 1623 Venta
532 1580 584 1621 de
616 1578 683 1620 las
707 1576 957 1630 Campanas
989 1576 1046 1618 ad
1078 1576 1198 1618 viam
1229 1573 1433 1628 ferream,
1469 1572 1648 1627 CASAV.)
1682 1575 1727 1614 et
1758 1572 1806 1613 in
1837 1585 1958 1625 prov.
1983 1572 2135 1615 Gadit.
2159 1572 2224 1629 (in
2247 1572 2395 1616 Sierra

278 1639 534 1682 Carbonem
576 1651 639 1691 pr.
675 1636 714 1678 S.
749 1637 921 1689 Roque,
967 1633 1179 1688 DAUTEZ)
1212 1638 1258 1676 et
1288 1631 1487 1674 Malacit.
1523 1631 1603 1687 (pr.
1635 1631 1816 1684 Ronda,
1858 1631 2117 1686 simmaea„
2161 1631 2304 1688 1889).
2338 1658 2396 1664 -—

280 1699 405 1740 Adde
438 1698 556 1739 loca:
590 1697 638 1738 in
669 1708 808 1750 regno
831 1694 1012 1736 Valent.
1045 1706 1108 1746 pr.
1134 1692 1344 1736 Orihuela
1377 1691 1423 1733 in
1457 1689 1589 1733 Cerro
1623 1691 1677 1732 de
1708 1689 1920 1743 Urchjllo,
1953 1690 2001 1731 in
2031 1694 2184 1733 monte
2214 1691 2393 1747 Mongo,

281 1758 413 1800 Cerro
446 1757 499 1798 de
532 1755 654 1798 Ubar
685 1767 748 1808 pr.
772 1753 1019 1807 Valldigna
1053 1752 1239 1807 (Rom),
1272 1751 1320 1792 in
1352 1750 1501 1792 Sierra
1533 1749 1587 1791 de
1619 1747 1813 1804 Segorbe
1846 1748 2101 1804 (REVERCH.
2137 1748 2269 1803 1891,
2305 1763 2393 1793 exs.

279 1830 321 1858 n.
356 1815 466 1870 551),
500 1815 546 1856 111
578 1814 776 1868 Aragon.
810 1813 857 1854 in
891 1812 1038 1854 Sierra
1071 1811 1124 1852 de
1156 1809 1404 1851 Bizcuerno
1438 1808 1601 1851 abund.
1636 1807 1821 1864 (Losa).

428 1886 613 1928 2912b18.
646 1884 927 1938 Erythraea
957 1881 1196 1925 Boissieri
1226 1881 1330 1923 WK.
1373 1882 1534 1923 Enum.
1575 1880 1633 1933 pl.
1666 1893 1709 1922 11.
1743 1879 1849 1934 140,
1892 1880 2024 1924 Rom·
2064 1881 2112 1922 in
2153 1880 2270 1924 Bull.
2305 1894 2391 1924 soc.

278 1946 368 1989 bot.
402 1946 475 1988 Fr.
510 1944 637 1998 1887,
669 1957 709 1997 p.
744 1943 852 1985 4441
886 1942 954 1997 (Ε.
983 1940 1275 1984 Centaurium
1303 1948 1345 1994 β.
1380 1938 1653 1995 grandiflora
1678 1940 1784 1982 WK.
1817 1939 1973 1981 Prodr.
2007 1939 2034 1981 1.
2068 1952 2102 1981 c.
2137 1940 2262 1995 [excl.
2297 1953 2392 1994 syn.

278 2005 509 2047 Persoonii
541 2008 587 2046 et
619 2001 855 2056 Bivonae],
888 2002 940 2044 Ε.
974 2000 1266 2043 Centaurium
1297 2016 1337 2055 γ.
1371 1999 1512 2053 maJ'or
1544 1999 1656 2040 PER.
1690 1997 1821 2040 LARA
1854 1997 1881 2039 l.
1915 2011 1950 2040 6.
1983 2012 2023 2052 p.
2056 1998 2165 2040 3511
2206 2000 2258 2041 Ε.
2290 2012 2393 2042 san-

278 2065 444 2119 guinea
465 2061 706 2117 MABILLE).
760 2059 961 2102 Corollae
993 2060 1169 2101 intense
1200 2059 1416 2112 puniceae
1449 2056 1622 2100 16-19
1643 2070 1732 2099 mm
1763 2057 1790 2098 l.
1825 2056 1937 2100 lobis
1969 2057 2077 2100 tubo
2099 2057 2392 2113 aequilongis,

277 2123 427 2176 calyce
459 2122 565 2164 tubo
600 2120 790 2162 corollae
822 2120 988 2161 triente
1020 2118 1234 2170 breviore,
1269 2117 1405 2170 cymis
1438 2115 1623 2169 foliosis,
1656 2115 1852 2158 bracteis
1875 2115 2113 2171 elongatis,
2146 2115 2267 2160 foliis
2289 2130 2393 2159 cau-

276 2180 381 2223 linis
423 2181 580 2223 mediis
622 2183 667 2221 et
709 2177 1011 2232 superioribus
1052 2174 1555 2229 subamplexicaulibus,
1599 2175 1913 2230 magnitudine
1945 2188 1973 2216 a
2004 2174 2103 2218 basi
2133 2176 2192 2217 ad
2223 2175 2395 2229 apicem

276 2240 406 2282 valde
440 2237 810 2281 decrescentibus.
845 2262 900 2267 -
933 2236 1070 2289 Quasi
1107 2233 1375 2278 intermedia
1408 2233 1488 2277 int.
1522 2234 1805 2287 praecedent.
1839 2236 1885 2276 et
1916 2234 1967 2275 E.
2002 2233 2295 2277 Centaurium
2325 2235 2389 2288 L,

278 2299 404 2354 cujus
434 2298 628 2340 fortasse
661 2296 925 2349 subspecies.

421 2357 647 2410 Frequens
679 2356 815 2397 etiam
846 2355 894 2396 in
925 2366 1046 2407 prov.
1081 2353 1232 2396 Gadit.
1269 2352 1398 2407 (PER.
1433 2350 1594 2406 ΒΑΕΔ).
1997 2387 2000 2391 .

423 2416 585 2458 Forma
617 2412 1025 2470 angustifolia
1058 2411 1217 2454 PORTA
1248 2411 1360 2466 Veg.
1394 2424 1434 2464 p.
1468 2409 1545 2452 48:
1590 2411 1638 2452 in
1678 2423 1818 2465 regno
1850 2411 1989 2453 Mure.
2025 2410 2089 2466 (in
2122 2411 2300 2464 pascuis
2332 2411 2390 2453 ad

332 2474 469 2516 radic.
502 2474 668 2516 montis
701 2473 850 2515 Sierra
882 2472 935 2513 de
967 2471 1012 2513 la
1043 2471 1319 2524 Fuensanta,
1353 2470 1513 2512 PORTA
1545 2473 1590 2512 et
1621 2470 1750 2522 Rmo,
1786 2468 1929 2524 1890).

423 2547 608 2590 29121811.
641 2547 919 2601 Erythraea
951 2544 1262 2601 grandiflora
1293 2544 1391 2587 ΒΝ.
1427 2543 1559 2597 Stirp.
1593 2557 1680 2586 rar.
1714 2543 1838 2585 sicul.
1870 2542 1911 2598 4,
1943 2556 1984 2596 Ρ.
2019 2541 2096 2597 17;
2129 2542 2260 2586 RonY
2290 2543 2318 2586 1.
2352 2557 2388 2586 c.

275 2620 315 2660 p.
349 2606 457 2649 4451
510 2607 577 2661 (Ε.
611 2606 903 2649 Centaurium
933 2613 973 2658 β.
1008 2603 1283 2659 grandiflora
1314 2603 1427 2645 PER.
1461 2603 1592 2645 LARA
1624 2601 1650 2643 1.
1685 2601 1739 2657 c.)
1799 2600 1966 2644 Differt
2004 2601 2061 2644 ab
2091 2602 2144 2645 Ε.
2177 2602 2391 2645 Boissieri

275 2665 389 2708 lobis
421 2665 611 2707 corollae
643 2664 832 2720 (14-17
855 2677 944 2705 mm
975 2663 1021 2718 1.)
1048 2662 1156 2705 tubo
1179 2662 1345 2704 triente
1366 2660 1657 2714 brevioribus,
1691 2660 1840 2714 calyce
1862 2660 1971 2703 tubo
1993 2660 2186 2703 corollae
2208 2661 2390 2704 dimidio

275 2724 488 2776 breviore,
512 2723 738 2776 calycibus
760 2722 1038 2775 bracteisque
1061 2722 1196 2764 dense
1219 2720 1544 2773 scabriusculis,
1569 2719 1700 2762 lacin.
1719 2719 1855 2773 calyc.
1880 2719 2390 2774 lanceolato-subulatis,

276 2784 413 2836 cymis
444 2783 591 2824 minus
623 2781 807 2836 foliatis,
841 2781 962 2823 foliis
994 2780 1156 2823 caulin.
1191 2779 1395 2821 omnibus
1425 2778 1739 2834 magnitudine
1771 2777 2130 2832 subaequalibus.
2183 2779 2392 2822 Ceterum

275 2841 565 2894 probabiliter
597 2841 794 2894 videtur,
838 2841 976 2882 etiam
1016 2839 1132 2881 hanc
1172 2838 1361 2892 speciem
1399 2837 1465 2879 nil
1497 2850 1592 2880 esse
1623 2837 1712 2879 nisi
1744 2836 2019 2891 subspeciem
2048 2851 2090 2880 v.
2122 2837 2391 2880 varietatem

275 2901 327 2942 E.
361 2900 604 2943 Centaurii.
2195 2910 2198 2913 ⁴

247 2990 249 2992 -
423 2958 629 3001 Occurrit
668 2957 771 2999 hinc
813 2957 917 2999 inde
947 2957 996 2998 in
1027 2969 1149 3010 prov.
1183 2956 1334 2999 Gadit.
1369 2954 1449 3011 (pr.
1472 2954 1627 3010 Vejer,
1669 2955 1718 2996 in
1749 2954 1844 2996 loco
1875 2953 1933 2998 El
1964 2953 2073 2998 Coto
2105 2966 2169 3009 ΡΥ.
2202 2955 2302 2997 Pto.
2336 2955 2390 2998 de

335 3017 428 3059 Sta.
461 3017 619 3069 Maria,
654 3016 766 3058 PER.
801 3015 960 3071 LARA).
995 3040 1049 3045 —
1085 3019 1151 3068 Ε).
1185 3014 1245 3070 (11.
1278 3013 1350 3070 v.).
2019 3041 2023 3045 ›

421 3074 535 3118 Hab.
568 3075 616 3116 in
649 3074 814 3117 Sicilia.

424 3147 551 3191 2913.
584 3148 863 3202 Erythraea
884 3146 1211 3190 Centaurium
1232 3146 1281 3189 L.
1330 3146 1535 3190 Occurrit
1567 3147 1716 3200 etiam,
1749 3146 1828 3188 sed
1858 3146 2003 3188 rarior
2022 3146 2071 3188 in
2090 3159 2212 3200 prov.
2236 3146 2387 3190 Gadit.

277 3206 406 3263 (PER.
440 3206 618 3320 Lgnae,)
651 3263 1056 3307 suffruticosa
1089 3264 1217 3307 Grais.
1269 3264 1324 3306 In
1355 3275 1477 3317 prov.
1501 3263 1651 3306 Gadit.
1676 3263 1788 3306 satis
1821 3263 2058 3319 divulgata
2079 3262 2133 3320 (c.
2157 3262 2197 3305 S.
2219 3263 2385 3318 Reque,

540 3323 711 3376 B01ss.,
744 3324 998 3374 Benaocaz,
1033 3322 1247 3375 Ubrique,
1290 3321 1372 3364 int.
1405 3322 1545 3364 Areos
1577 3324 1623 3364 et
1654 3322 1710 3364 ΕΙ
1741 3322 1936 3375 Bosque,
1972 3334 2038 3375 pr.
2069 3322 2160 3364 Los
2190 3322 2386 3375 Barrios‚

540 3394 576 3424 c.
610 3383 754 3436 Jerez,
787 3382 1050 3435 praesertim
1080 3382 1128 3422 in
1161 3380 1336 3423 Dehesa
1368 3380 1421 3422 de
1453 3379 1498 3422 la
1530 3379 1673 3422 Jarda
1703 3380 1859 3436 freqU.,
1891 3381 2006 3424 PER.
2039 3378 2200 3436 LARA).

425 3453 612 3496 2913bi8.
644 3453 923 3507 Erythraea
955 3453 1222 3496 acutiflora
1253 3453 1432 3496 Scnor'r
1463 3453 1512 3494 in
1533 3453 1619 3495 Isis
1651 3451 1802 3509 (1818)
1833 3465 1874 3506 Ρ.
1899 3451 2005 3506 121;
2037 3453 2170 3496 Rom(
2199 3453 2248 3494 in
2269 3452 2386 3496 Bull.

279 3525 364 3554 506.
387 3512 478 3555 bot.
501 3513 573 3555 Fr.
597 3512 624 3555 1.
649 3514 705 3555 (3.1
739 3513 852 3554 DEB.
878 3515 923 3554 et
945 3513 1090 3555 DAUT.
1113 3512 1180 3554 ΕΙ.
1205 3511 1396 3555 Gibralt.
1419 3524 1459 3564 p.
1485 3510 1588 3553 136!
1633 3510 1814 3566 (flabra,
1837 3511 2040 3554 caulibus
2064 3510 2240 3554 20—30
2256 3524 2324 3554 cm
2344 3511 2386 3565 1.,

277 3572 544 3626 tetragonis,
577 3571 635 3613 ad
667 3571 857 3626 angulos
889 3571 1048 3614 leviter
1080 3571 1227 3624 alatis,
1260 3569 1354 3612 fere
1387 3583 1414 3612 a
1443 3569 1542 3612 basi
1573 3570 1822 3612 dichotome
1842 3570 2043 3624 ramosis,
2075 3570 2213 3612 ramis
2233 3571 2387 3624 patule

278 3629 652 3672 adscendentibus
693 3628 964 3683 fastigiatis,
1007 3628 1263 3683 paniculam
1301 3628 1444 3670 latam
1474 3626 1796 3682 formantibus3
1837 3627 1964 3670 foliis
1991 3628 2154 3671 caulin.
2185 3627 2385 3671 inferior.

279 3687 699 3730 ovato-lanceolatis
721 3688 1004 3741 acutissimis,
1028 3686 1330 3740 superioribus
1352 3686 1721 3740 decrescentibus,
1743 3685 1998 3729 internodio
2014 3686 2156 3729 multo
2173 3686 2386 3730 breviori-

278 3745 384 3799 bus3
414 3745 597 3789 floribus
618 3745 908 3800 pedicellatis,
943 3746 1134 3788 corollae
1154 3758 1310 3788 roseae
1331 3744 1444 3787 lobis
1465 3744 1685 3798 brevibus,
1709 3748 1903 3800 anguste
1924 3745 2201 3800 lanceolatis,
2224 3746 2384 3801 acutis,

280 3804 507 3847 interdum
538 3804 662 3858 apice
694 3804 996 3858 denticulatis,
1029 3804 1178 3858 calyce
1210 3803 1292 3846 sub
1323 3803 1502 3846 anthesi
1533 3803 1640 3846 tubo
1673 3805 1864 3847 corollae
1895 3803 2028 3858 paulo
2061 3802 2274 3847 breviore.
