2455 4033
1068 45 1189 103 221

215 204 343 248 3385.
376 203 620 259 Mespilus
655 202 947 259 germanica
978 204 1029 246 L.
1093 202 1312 250 Provenit
1343 203 1482 246 etiam
1513 203 1559 245 in
1593 202 1737 245 Catal.
1783 202 1847 258 <in
1879 200 2098 246 silvaticis
2130 216 2194 256 pr.

70 263 273 317 Monsoli,
308 262 432 317 Osor,
466 264 557 306 Las
589 262 847 316 Guillerias,
880 262 1061 319 Vua),
1095 262 1303 306 Navarra
1336 262 1573 318 (LAGUNA).

76 378 88 389 ,
215 335 343 380 3387.
378 336 656 392 Crataequs
689 335 934 380 laciniata
965 336 1128 380 UomA.
1193 335 1426 379 Observ.
1491 333 1553 377 Ol.
1597 334 1789 377 LAGUNA
1833 332 1878 389 (1.
1914 345 1948 376 c.
1991 345 2032 386 p.
2067 332 2195 389 2171)

67 398 182 440 116110
215 396 405 451 speciem
437 395 616 440 Siciliae
649 399 695 438 et
728 394 946 439 Graeciae
975 394 1170 438 incolam
1200 395 1249 437 in
1279 392 1503 449 Hispania
1546 406 1636 436 non
1677 392 1913 448 provenire
1957 394 2109 434 censet
2151 395 2197 434 et

68 457 252 510 stirpem
283 459 605 511 granatensem
637 468 664 497 a
696 454 829 498 beato
852 454 1069 497 Bmssmn
1101 453 1184 496 sub
1216 466 1333 496 nom.
1359 453 1404 496 O.
1427 464 1791 508 monogynae
1822 464 1916 494 var.
1940 450 2197 493 hirsutae

67 520 398 568 enumeratam,
441 526 575 567 quam
609 513 660 557 cl.
695 513 855 557 PORTA
887 516 933 556 et
964 513 1083 556 Rreo
1116 511 1371 567 nuperrime
1403 513 1451 554 in
1482 524 1621 567 regno
1654 511 1852 554 Murcico
1885 510 2096 566 legerunt
2133 509 2197 565 (in

68 575 217 618 Sierra
249 573 303 616 de
335 573 552 627 Alcaraz,
595 573 673 617 alt.
710 571 1002 616 1000—1800
1033 585 1100 624 m,
1135 571 1226 616 ι1111.
1261 570 1395 626 1890)
1427 575 1479 614 ut
1511 571 1782 615 varietatem
1813 569 2108 613 hirsutam
2140 568 2198 610 ad

68 632 112 676 C.
145 644 446 688 monogynam
479 631 617 675 ducit.
679 632 750 674 Ad
783 632 971 674 eandem
1002 631 1274 673 varietatem
1305 642 1345 671 v.
1380 630 1571 684 speciem
1602 630 1830 683 pertinere
1866 627 1975 671 mihi
2015 626 2199 670 videtur

67 692 112 736 C.
146 689 465 746 hispanica
486 690 646 735 PORTA
678 697 724 733 et
745 691 863 734 R1eo
896 690 953 744 pl.
988 703 1077 732 exs.
1113 688 1226 732 1891
1260 688 1437 732 n.172!
1470 689 1518 730 in
1550 701 1690 744 regno
1713 688 1853 731 Mure.
1886 688 2008 731 inter
2028 686 2199 742 Riopar

67 754 112 794 et
133 751 274 794 Yeste
307 749 386 794 alt.
419 749 715 793 1300—1700
736 763 780 792 m
812 750 966 792 eodem
997 761 1148 792 mense
1182 761 1281 791 cum
1313 747 1499 790 fioribus
1531 747 1662 801 lecta,
1697 760 1810 801 quae
1845 746 1900 789 ab
1924 760 1976 789 ea
1999 759 2089 789 non
2110 744 2201 788 nisi

66 809 189 853 foliis
220 810 433 863 utrinque
466 809 867 852 cano-tomentosis
900 807 1054 851 differt
1087 808 1192 863 (nisi
1223 820 1355 862 poma
1384 806 1614 859 hucusque
1636 807 1797 862 ignota
1820 806 2036 849 distincta
2059 805 2199 859 sunt).

67 869 138 913 Ad
169 881 303 924 quam
325 868 516 923 speciem
539 869 677 911 etiam
700 868 745 911 C.
770 868 926 911 Iasio
942 880 1171 921 carpam
1192 866 1301 909 Len.
1336 866 1503 921 Diagn.
1526 866 1585 918 Π,
1619 878 1658 919 p.
1685 865 1753 920 11,
1787 877 1919 918 quam
1943 864 1995 907 cl.
2018 865 2199 918 HUTER,

68 928 229 973 PORTA
262 931 308 971 et
337 927 455 971 Rieo
488 928 578 972 Jul.
615 927 730 971 1879
762 926 810 970 111
834 927 983 970 Sierra
1005 926 1191 970 Nevada
1224 925 1299 982 (ad
1331 937 1465 979 rupes
1498 924 1659 967 calcar.
1692 925 1740 965 in
1763 923 1939 967 Dehesa
1973 924 2026 966 (16
2050 923 2090 966 S.
2115 923 2201 966 Ge-

68 988 239 1032 ronimo
285 986 364 1030 alt.
401 985 777 1043 1900-2000111)
821 987 1057 1042 legerunt,
1100 984 1388 1028 referendam
1427 996 1523 1027 esse
1557 984 1609 1027 cl.
1644 983 1837 1026 LAGUNA
1873 982 2004 1026 valde
2041 981 2202 1036 proba-

67 1047 155 1090 bile
187 1046 378 1089 videtur.
429 1046 648 1099 Equidem
679 1046 797 1088 hanc
828 1046 1138 1100 quaestionem
1171 1043 1225 1087 ob
1259 1044 1550 1098 speciminum
1583 1041 1808 1085 defectum
1841 1041 2089 1097 dijudicare
2111 1054 2201 1084 non

67 1118 260 1160 possum.
323 1107 386 1149 At
420 1106 674 1160 opinionem
706 1105 758 1148 01.
793 1105 1009 1157 LAGUNA.
1056 1117 1209 1146 omnes
1240 1102 1323 1146 has
1356 1102 1420 1145 sic
1451 1103 1597 1145 dictas
1629 1101 1798 1156 species
1831 1101 1896 1143 1111
1928 1100 2014 1143 11151
2057 1100 2201 1143 varie-

68 1170 188 1209 tates
219 1164 265 1207 O.
298 1177 666 1221 monogynae
698 1165 860 1213 ι1110011.
895 1164 1173 1207 constituere
1216 1162 1435 1216 adoptare
1478 1174 1663 1215 nequeo.
1725 1161 1841 1204 Nam
1872 1159 1985 1203 bene
2027 1159 2204 1202 monuit

8 1256 10 1258 -
68 1224 195 1267 amic.
230 1223 389 1268 LANGE
422 1224 449 1266 l.
485 1237 534 1280 c.,
568 1224 775 1278 plantam
807 1237 834 1266 a
867 1223 919 1266 cl.
953 1224 1127 1267 JIMENA
1159 1221 1206 1265 in
1239 1221 1357 1265 valle
1389 1221 1619 1264 Barranco
1654 1219 1725 1263 del
1757 1220 1842 1263 Rio
1874 1219 2096 1262 mont-ium
2127 1231 2203 1261 ne-

0 3153 4 3165 Ι

0 3181 8 3233 ἱ

0 3397 14 3619 1

0 3618 17 3702 1

68 1283 333 1327 vadensium
366 1296 467 1327 cum
498 1284 640 1339 pomis
671 1282 864 1326 maturis
896 1282 1062 1325 lectam
1095 1288 1140 1325 et
1183 1294 1209 1324 a
1251 1280 1385 1324 beato
1418 1281 1654 1323 WmKL-ER
1697 1279 2072 1322 communicatam
2113 1290 2204 1320 non

68 1343 213 1386 solum
245 1343 387 1397 spinis
417 1342 566 1399 longis
600 1348 646 1386 et
676 1341 798 1385 foliis
830 1341 1020 1385 hirsutis
1053 1341 1131 1384 sed
1163 1341 1302 1384 etiam
1332 1339 1558 1383 fructibus
1591 1338 1834 1382 atrofuscis
1874 1338 2032 1394 (neque
2066 1337 2206 1379 cocci-

68 1402 182 1459 neis)
226 1416 254 1444 a
287 1402 331 1445 C.
365 1415 623 1458 monogyna
656 1402 919 1445 distinctam
953 1414 1062 1444 esse.
1125 1400 1337 1443 Fortasse
1372 1412 1524 1442 omnes
1556 1399 1641 1441 hae
1679 1397 1851 1440 formae
1895 1410 1972 1452 per
2014 1408 2207 1452 regnum

69 1461 354 1505 Granatense
387 1465 433 1504 et
463 1462 712 1505 Murcicum
744 1461 1066 1504 disseminatae
1100 1458 1291 1514 speciem
1323 1459 1562 1513 propriam,
1596 1461 1694 1500 tum
1726 1457 1771 1500 C.
1805 1456 2103 1500 Boissieri
2136 1468 2213 1509 ap-

69 1521 326 1576 pellandam
360 1521 660 1565 constituunt.
709 1520 772 1564 ol.
797 1519 958 1563 LANGE
992 1520 1184 1574 speciem
1218 1532 1357 1571 suam,
1392 1531 1526 1572 quam
1557 1518 1653 1572 ipse
1675 1516 1872 1559 fortasse
1895 1516 1940 1559 C.
1965 1514 2213 1558 laciniatae

70 1581 226 1624 Prodr.
260 1579 302 1623 fl.
337 1581 463 1635 Hisp.
498 1581 771 1624 varietatem
804 1592 902 1623 esse
936 1580 1193 1634 suspicatus
1226 1584 1307 1631 est,
1341 1578 1427 1620 hac
1458 1578 1636 1620 ratione
1670 1574 1931 1629 descripsit:

219 1640 264 1683 C.
299 1640 646 1694 lasiocarpa
679 1640 737 1682 ad
768 1640 851 1682 int.
898 1639 1099 1695 „Cortice
1123 1637 1402 1681 ramulorum
1424 1637 1597 1693 glabro,
1634 1635 1775 1691 spinis
1798 1635 1913 1678 2-3
1934 1635 2038 1689 poll.
2063 1635 2213 1691 longis

71 1703 116 1742 et
147 1698 370 1750 robustis,
415 1699 606 1754 spinulis
637 1699 849 1743 brevibus
883 1699 1046 1742 crassis
1078 1698 1341 1751 instructis;
1384 1695 1506 1740 foliis
1541 1694 2021 1750 pubescenti-villosis,
2065 1696 2213 1750 magis

70 1759 276 1802 minusve
308 1757 531 1813 profunde
563 1758 750 1813 trifidis,
791 1758 959 1801 lacinia
991 1758 1264 1801 intermedia
1297 1761 1429 1799 acute
1465 1755 1638 1809 biloba.
1680 1753 1949 1797 lateralibus
1987 1754 2213 1808 dentatis3

73 1818 253 1873 stipulis
285 1816 483 1873 falcatis,
519 1819 656 1873 cymis
678 1816 949 1873 paucifloris,
983 1817 1168 1860 floribus
1190 1816 1389 1860 breviter
1410 1814 1742 1870 pedunculatis‚
1776 1813 2042 1868 pedunculis
2064 1826 2214 1869 pomo-

71 1890 154 1931 que
188 1876 399 1934 (juniore)
433 1877 570 1921 dense
601 1877 813 1921 villosis.“

221 1950 349 1995 3389.
384 1951 666 2008 Crataequs
706 1950 1003 2006 brevispina
1045 1949 1160 1993 KzE.
1195 1975 1249 1980 —
1284 1949 1388 1993 WK.
1433 1949 1656 1993 Illustrat.
1699 1948 1746 2002 I,
1794 1961 1835 2001 p.
1871 1947 1949 2001 70,
1997 1950 2030 1990 t.
2063 1946 2212 1990 XLVI

72 2011 135 2066 (C.
158 2023 415 2067 monogyna
448 2029 488 2054 α.
513 2011 771 2065 brevispina
793 2009 996 2053 WENZIG
1027 2010 1075 2052 in
1097 2009 1303 2052 Linnaea
1326 2008 1455 2064 1874,
1488 2021 1529 2063 p.
1553 2007 1663 2051 1591
1697 2008 1891 2051 LAGUNA
1924 2006 1952 2049 1.
1979 2020 2015 2051 c.
2038 2019 2079 2061 p.
2104 2005 2212 2048 2151

56 2070 117 2113 ‘C.
149 2070 374 2127 Insegnae
406 2071 628 2121 Rimmon,
661 2071 818 2113 Prodr.
853 2069 894 2113 fi.
929 2068 1056 2124 Hisp.
1090 2082 1132 2111 n.
1167 2068 1282 2111 3391
1315 2070 1526 2111 monente
1561 2068 1612 2110 cl.
1650 2067 1811 2110 LANGE
1844 2065 1892 2108 in
1925 2065 2015 2109 litt.
2065 2065 2110 2109 C.
2146 2078 2212 2108 se-

73 2129 351 2185 gobricensis
373 2130 471 2173 1)Αο
493 2131 596 2173 Not.
619 2121 700 2185 IV,
734 2143 774 2185 p.
799 2127 855 2171 38
868 2129 921 2186 12).
965 2129 1121 2172 Etiam
1152 2127 1201 2171 in
1232 2127 1460 2171 mont-ibus
1492 2141 1557 2182 pr.
1582 2125 1742 2171 Tarifa
1777 2125 2017 2183 (LAGUNA),
2050 2125 2213 2169 Ronda

73 2190 330 2246 (REVERCH.
365 2188 498 2246 1889)
532 2195 579 2233 et
610 2190 658 2232 in
693 2189 905 2232 Serrania
938 2188 992 2231 de
1024 2188 1204 2231 Cuenca
1237 2187 1317 2243 (pr.
1353 2186 1613 2242 Garaballa,
1648 2187 1783 2241 DmK,
1819 2184 1965 2241 1892).

223 2249 455 2293 Observ.
510 2249 573 2293 Cl.
608 2248 803 2292 Limia
835 2247 1087 2302 exemplum
1119 2247 1445 2290 Pomacearum
1475 2244 1772 2302 monographi
1793 2243 1997 2287 WENZIG
2030 2246 2213 2287 secutus

133 2308 271 2351 etiam
303 2308 348 2352 C.
373 2307 676 2363 brevispinam
709 2308 898 2363 (pariter
932 2314 1065 2361 atque
1090 2305 1134 2349 C.
1159 2312 1494 2362 granatensem,
1528 2318 1734 2348 mauram
1766 2306 1812 2347 et
1833 2303 2079 2360 Insegnae)
2112 2315 2213 2346 cum

133 2366 178 2409 C.
201 2380 458 2424 monogyna
486 2368 652 2424 junxit.
702 2367 919 2423 Concedo,
955 2379 1107 2410 omnes
1139 2366 1221 2409 has
1255 2366 1424 2420 species
1457 2372 1581 2408 arcte
1605 2362 1969 2419 consanguineas
1991 2376 2101 2417 esse,
2137 2362 2215 2405 sed

133 2426 209 2480 qui
251 2426 297 2470 C.
331 2426 636 2483 brevispinam
679 2432 724 2471 et
766 2427 811 2470 C.
846 2430 1169 2483 granatensem
1211 2425 1269 2468 ad
1301 2424 1346 2467 C.
1379 2437 1683 2481 monogynam
1724 2423 1871 2477 ducit,
1918 2423 2055 2465 etiam
2097 2421 2216 2464 hanc

132 2487 277 2540 ipsam
321 2487 513 2541 speciem
556 2500 654 2530 cum
698 2487 743 2531 C.
779 2485 1076 2541 Oxyacantha
1107 2486 1157 2528 L.
1203 2484 1304 2540 (aut
1345 2484 1442 2528 vice
1484 2497 1616 2528 versa
1649 2483 1693 2526 C.
1729 2481 2072 2537 Oxyacantham
2114 2493 2216 2524 cum

134 2546 179 2588 C.
212 2546 487 2603 monogyna)
515 2546 706 2603 jungere
739 2546 892 2600 debet,
936 2549 1175 2600 propterea
1208 2545 1325 2598 quod
1356 2545 1480 2586 intra
1513 2556 1666 2586 aream
1697 2542 1859 2585 harum
1890 2541 2084 2584 duarum
2116 2553 2215 2596 spe-

135 2606 303 2649 cierum
336 2606 389 2662 (e.
414 2620 457 2662 g.
491 2607 539 2649 in
565 2605 810 2649 Germania
844 2608 889 2649 et
910 2604 1118 2660 Austria)
1150 2603 1323 2647 formae
1356 2603 1625 2646 intermedia
1657 2613 1923 2645 numerosae
1957 2602 2214 2643 occurrunt.

133 2665 259 2708 Idem
291 2666 468 2709 censuit
500 2666 552 2709 01.
586 2666 688 2709 Pin
721 2666 841 2722 (Not.
875 2665 966 2708 bot.
999 2665 1083 2720 III,
1118 2677 1158 2718 p.
1194 2662 1318 2719 301);
1350 2661 1642 2706 nihilominus
1673 2660 1747 2704 hic
1779 2660 1876 2716 ipse
1907 2659 2099 2703 formam
2131 2659 2214 2701 ali-

134 2737 268 2777 quam
297 2723 345 2773 Ο.
378 2738 661 2781 monogynae
695 2738 727 2769 5.
761 2724 1046 2779 brevispinae
1084 2723 1140 2766 ab
1173 2736 1224 2766 eo
1257 2722 1305 2765 in
1337 2723 1571 2778 Aragonia
1603 2720 1798 2765 australi
1829 2720 1995 2763 lectam
2025 2717 2216 2762 ramulis

134 2783 381 2827 inermibus
421 2790 593 2828 remote
634 2784 810 2828 foliatis
855 2784 937 2827 sub
979 2796 1095 2827 nom.
1131 2781 1175 2824 C.
1209 2781 1418 2837 paucis
1428 2781 1659 2824 oliatae
1703 2785 1749 2823 et
1792 2780 1930 2822 aliam
1961 2777 2008 2821 in
2042 2778 2215 2821 ditione

134 2842 231 2886 urb.
266 2842 460 2899 Segorbe
492 2845 831 2898 provenientem
864 2843 1092 2898 calycibus
1124 2842 1298 2885 villosis
1329 2841 1584 2896 praeditam
1616 2839 1699 2884 sub
1731 2852 1847 2883 nom.
1872 2837 1918 2881 C.
1943 2837 2214 2894 segobri-

135 2903 332 2946 censis
355 2907 407 2946 ut
429 2916 570 2946 novas
594 2903 763 2959 species
783 2915 1031 2958 proponere
1054 2915 1191 2945 ausus
1214 2903 1306 2944 est!
1332 2926 1387 2931 --
1409 2901 1481 2944 Ex
1501 2913 1601 2944 mea
1624 2899 1855 2943 sententia
1877 2901 1923 2941 et
1945 2896 1990 2939 C.
2014 2895 2212 2940 brevi-

135 2960 306 3016 spina
327 2963 443 3005 ΚΖΕ.
477 2976 590 3016 quae
623 2962 671 3005 in
702 2962 864 3006 insulis
885 2961 1154 3005 Balearibus
1187 2960 1393 3004 abundat
1424 2963 1470 3003 et
1500 2958 1596 3002 illic
1624 2957 1948 3013 perfectionem
1968 2956 2212 2999 maximam

136 3020 349 3077 attingit,
389 3026 434 3065 et
467 3021 512 3064 C.
545 3021 940 3078 granatensis
971 3022 1122 3065 Bmss,
1156 3020 1311 3064 eodem
1339 3019 1440 3075 jure
1471 3017 1673 3074 specifice
1706 3016 2057 3073 distinguendae
2088 3017 2210 3070 sunt,

135 3085 191 3182 ug
219 3080 265 3124 C.
298 3094 555 3138 monogyna
587 3084 634 3126 et
667 3081 976 3138 Oxyacantha,
1009 3093 1120 3136 quas
1152 3079 1248 3135 ipse
1279 3080 1473 3141 LAeuNA
1504 3077 1651 3122 adhuc
1680 3080 1734 3121 ut
1766 3075 1937 3132 species
1969 3073 2212 3118 distinctas

133 3151 160 3181 a
194 3140 329 3183 misit.

225 3212 354 3258 3392.
388 3213 666 3271 Crataequs
698 3226 985 3270 monogyna
1016 3215 1147 3263 ι10011.
1210 3211 1362 3256 Adde:

269 3281 310 3328 β.
343 3272 673 3318 flabellata
704 3273 817 3318 Len.
849 3287 979 3318 mser.
1012 3274 1061 3317 in
1092 3273 1183 3316 litt.
1237 3271 1469 3328 „Gracilis,
1503 3270 1644 3326 spinis
1676 3268 1842 3313 crebris
1875 3267 1900 3311 1
1933 3266 2038 3323 poll.
2060 3264 2232 3322 longis-

343 3345 384 3376 v.
407 3332 702 3390 longioribus,
731 3333 957 3388 tenuibus,
982 3333 1162 3388 saepius
1181 3330 1305 3374 foliis
1326 3329 1533 3386 pluribus
1555 3326 1987 3384 squamaeformibus
2008 3324 2210 3379 munitis,

344 3390 468 3436 foliis
500 3393 648 3436 ovatis
678 3392 778 3436 basi
808 3393 1036 3436 truncatis
1067 3405 1108 3435 v.
1141 3391 1189 3434 in
1220 3389 1439 3446 petiolum
1470 3387 1827 3442 decurrentibus,
1859 3384 2211 3440 flabellato-pin-

344 3451 604 3506 natisectis,
638 3452 884 3509 segmentis
918 3451 1124 3495 cuneatis
1156 3449 1316 3494 obtuse
1347 3448 1529 3504 bilobis,
1561 3447 1676 3492 lobis
1706 3446 1998 3500 mucronatis,
2031 3442 2213 3498 stipulis

342 3511 522 3568 magnis
554 3510 878 3566 semicordatis,
910 3510 1004 3555 late
1035 3507 1380 3554 inciso-Iobatis.
1433 3508 1590 3552 Flores
1620 3519 1712 3551 non
1744 3505 1951 3550 adsunt.“
1998 3500 2212 3562 (Lmen.)

224 3568 280 3613 In
312 3569 526 3614 Cantabr.
560 3570 642 3627 (pr.
677 3570 945 3626 Santander,
979 3571 1116 3627 Dmx,
1150 3567 1298 3625 1892).

226 3643 356 3688 3393.
389 3644 671 3702 Crataessus
694 3644 1024 3701 Oxyacantha
1043 3645 1094 3688 L.
1148 3642 1358 3688 Occurrit
1387 3654 1560 3698 quoque
1592 3639 1647 3684 in'
1664 3652 1787 3696 prov.
1811 3638 1965 3683 Gadit.
1988 3637 2055 3694 (in
2075 3636 2212 3681 Cerro

0 3703 15 3723 *³
78 3701 132 3746 de
165 3703 206 3748 S.
239 3703 476 3760 Cristobal‚
509 3703 666 3760 cmm„
699 3707 746 3748 et
776 3717 841 3760 pr.
873 3703 1070 3758 Medina,
1101 3702 1311 3760 Bonae).
