2455 4033
1059 93 1179 147 129
1238 160 1242 164 ⁴

109 256 251 287 mnino
295 247 341 286 et
382 244 531 287 CosTA
572 244 618 287 C.
651 244 930 299 hispanicam
972 244 1132 289 habitu
1174 246 1220 289 C.
1254 248 1532 301 caespitosae
1567 247 1693 291 80012.
1739 261 1871 302 saepe
1914 251 2183 304 persimilem

110 317 209 346 cum
241 303 385 357 specie
418 303 662 346 carniolica
695 307 1100 347 commutaverunt.

200 376 387 418 1968biS.
422 375 734 430 campanula
766 376 1102 421 Jaubertiana
1125 379 1259 422 TIMB.
1284 379 1427 422 LAGR.
1464 381 1511 422 in
1543 380 1662 424 Bull.
1697 394 1784 425 soc.
1818 381 1909 424 bot.
1944 382 2016 425 Fr.
2052 382 2179 438 1868,

50 449 90 490 p.
125 434 340 490 XCVIII,
384 435 476 477 tab.
511 435 562 477 3!
627 435 912 490 Caespitosa,
956 435 1206 480 rhizomate
1240 437 1416 481 10-20
1446 453 1594 483 ramos
1627 453 1747 483 anno
1786 441 1927 495 primo
1969 440 2182 485 foliorum

49 495 202 538 rosula
235 494 380 537 sterili
412 495 681 538 terminatos
715 495 898 548 edente,
941 496 1106 538 rosulis
1138 509 1257 538 anno
1293 503 1507 551 sequente
1542 499 1693 542 caules
1734 499 1958 542 floriferos
1999 500 2115 542 4—5
2159 515 2182 545 e

50 557 204 597 centro
237 553 613 608 producentibus;
656 553 778 597 foliis
810 554 1065 597 rosularum
1098 555 1380 609 caulinisque
1411 557 1577 600 infimis
1615 560 2003 614 ovato-rotundis,
2049 560 2184 616 longe

48 612 291 667 petiolatis,
327 613 489 654 ceteris
512 625 704 666 superne
727 613 1101 667 decrescentibus,
1126 614 1609 660 obovato-lanceolatis
1631 618 1968 674 lanceolatisve,
1999 618 2184 662 inferio-

48 671 172 714 ribus
204 672 252 713 in
284 671 501 725 petiolum
533 671 713 714 brevem
746 673 1024 728 attenuatis,
1069 673 1274 716 omnibus
1308 674 1609 719 subcoriaceis
1643 677 1837 733 glabris,
1882 678 2185 732 inaequaliter

49 731 263 784 dentatis,
299 731 482 773 summis
507 730 581 786 (ad
599 731 728 773 basin
752 731 1125 788 pedunculorum)
1148 732 1612 788 lineari-lanceolatis,
1636 736 1968 792 integerrimis,
1999 736 2185 781 floribus

48 790 162 832 2—4
198 790 474 845 (saepissime
498 789 542 845 2)
576 791 634 832 ad
666 791 837 844 apicem
871 791 1079 845 caulium,
1115 791 1248 847 longe
1280 793 1610 850 pedunculatis,
1645 798 1752 838 ante
1786 796 1995 849 anthesin
2018 800 2184 840 nutan-

47 848 183 903 tibus,
219 849 380 891 deinde
413 850 587 903 erectis,
621 850 885 903 pedunculis
918 850 1183 904 laciniisque
1217 851 1353 905 calyc.
1388 851 1584 895 breviter
1616 853 1816 908 hirsutis,
1851 855 2018 898 corolla
2050 856 2184 899 tubu-

48 908 499 964 loso-campanulata,
535 909 632 951 basi
665 909 929 963 lutescente,
966 912 1164 952 ceterum
1198 911 1417 966 coerulea,
1452 911 1566 955 lobis
1598 914 1768 966 patulis
1802 914 1998 958 breviter
2022 916 2182 971 ovatis,

48 968 164 1021 stylo
197 967 385 1009 incluso.
747 984 751 988 -

195 1027 250 1069 In
282 1027 445 1080 Pyren.
478 1027 680 1082 Aragon.
714 1027 899 1082 regione
932 1027 1086 1081 alpina
1128 1029 1296 1081 passim
1340 1029 1404 1085 (in
1446 1031 1625 1083 rupium
1669 1031 1830 1075 calcar.
1876 1032 2048 1077 fissuris
2086 1034 2185 1090 jugi

108 1085 221 1128 Port
253 1085 501 1130 d'Estaube
533 1087 581 1128 in
615 1087 773 1129 decliv.
807 1086 1054 1141 hispanica,
1090 1087 1168 1128 alt.
1204 1087 1320 1130 2000
1351 1102 1406 1143 m,
1441 1089 1622 1132 TIMBAL
1657 1091 1696 1133 (1.
1732 1090 1789 1133 20
1821 1093 1912 1135 Jul.
1949 1092 2094 1150 1868).
2129 1119 2184 1124 -

107 1155 152 1196 ει.
188 1145 249 1201 (n.
284 1145 356 1202 xz).

196 1218 323 1262 1969.
358 1218 669 1274 Campanula
690 1218 880 1274 pusilla
901 1219 1112 1262 HAENKE.
1147 1220 1275 1263 Adde
1298 1221 1419 1264 loca:
1453 1235 1518 1276 pr.
1543 1223 1685 1266 Nuria
1720 1224 1783 1279 (in
1807 1227 1999 1280 pascuis.v
2033 1228 2184 1271 PUJOL

44 1282 163 1321 teste
197 1279 385 1334 Cosm),
429 1279 582 1321 Bielsa
622 1278 839 1335 (CAMPo),
882 1279 1004 1321 inter
1037 1278 1241 1334 Caraups
1275 1287 1320 1323 et
1351 1281 1493 1324 Nuria
1538 1282 1741 1337 (Po-ma!
1775 1286 1893 1342 Aug.
1929 1285 2084 1343 1868),
2129 1287 2187 1330 ad

44 1351 178 1392 rupes
210 1338 491 1381 Maladettae
525 1338 707 1394 (COMPA
741 1339 859 1393 Aug.
895 1338 1044 1394 1873).

197 1395 432 1440 Observ.
497 1397 644 1451 Stirps
678 1411 704 1440 a
737 1397 788 1439 cl.
822 1398 984 1440 PUIGG.
1020 1402 1066 1440 et
1098 1398 1238 1441 COMP.
1274 1399 1414 1452 lecta,
1462 1400 1588 1455 cujus
1634 1404 1878 1456 specimina
1923 1405 2187 1448 authentica

105 1457 211 1512 vidi,
245 1457 463 1500 varietati
494 1456 852 1511 Hoppeanae
883 1458 1031 1500 RUPR.
1067 1457 1228 1512 (RcHB.
1262 1459 1324 1501 Ic,
1358 1459 1479 1514 XIX,
1514 1463 1546 1501 t.
1572 1460 1670 1516 245,
1705 1463 1820 1519 Im)
1855 1465 2185 1519 correspondet.

192 1529 380 1573 19691218.
414 1530 728 1586 Campanula
761 1530 1057 1574 cantabrica
1079 1532 1210 1574 FEER
1242 1533 1289 1574 in
1312 1533 1341 1576 J
1345 1546 1470 1575 ourn.
1507 1533 1555 1575 of
1584 1534 1673 1576 bot.
1702 1535 1828 1592 1890,
1864 1538 1911 1580 in
1935 1537 2186 1593 Campanu-

44 1589 125 1632 lar.
161 1603 315 1632 novar.
350 1590 442 1633 dec.
477 1604 519 1632 n.
545 1589 624 1632 1οῐ
660 1588 724 1646 (C.
749 1590 915 1644 pusilla
937 1604 1032 1634 var.
1056 1591 1296 1645 Pcalycina
1320 1591 1423 1634 WK.
1449 1592 1606 1635 Prodr.
1632 1594 1714 1637 sub
1737 1609 1780 1638 n.
1805 1596 1953 1654 1969).
1989 1598 2185 1642 Obscure

42 1650 205 1703 virens,
234 1649 479 1704 surculosa,
505 1650 658 1692 radice
685 1662 837 1692 crassa
862 1649 1118 1705 napiformi,
1146 1651 1350 1694 caulibus
1368 1651 1652 1696 filiformibus
1671 1656 1846 1711 erectis,
1876 1657 2183 1711 subflexuosis‚

43 1707 190 1751 6-10
222 1721 290 1751 cm
322 1709 375 1763 l.,
424 1708 620 1765 glabris,
663 1708 892 1763 unifloris3
935 1709 1058 1752 foliis
1092 1709 1239 1752 6-10
1269 1724 1359 1753 mm
1390 1711 1443 1766 l.,
1487 1711 1666 1755 basilar.
1702 1714 2114 1760 suborbicularibus
2146 1731 2186 1760 v.

44 1768 137 1811 late
170 1768 330 1823 ovatis,
363 1769 571 1824 margine
594 1768 774 1824 ciliatis,
809 1769 974 1812 caulin.
1002 1770 1149 1811 ovatis
1173 1769 1508 1824 lanceolatisve,
1542 1772 1774 1829 revolutis,
1811 1775 1867 1817 ad
1890 1776 2032 1819 caulis
2054 1776 2185 1820 basin

45 1826 285 1881 confertis,
327 1826 512 1870 floribus
545 1828 729 1883 erectis,
775 1829 940 1882 calycis
973 1828 1152 1871 laciniis
1183 1830 1757 1887 triangulari-linearibus,
1802 1836 1973 1891 acutis,
2008 1837 2184 1892 erectis,

45 1886 337 1941 subfalcatis,
383 1887 550 1930 corolla
592 1891 789 1943 anguste
832 1887 1249 1931 infundibuliformi
1292 1889 1454 1945 glabra
1496 1891 1679 1934 dimidio
1723 1892 2027 1950 brevioribus,
2073 1895 2185 1938 lobis

46 1946 240 1989 corollae
262 1946 485 2002 brevibus,
520 1947 614 1990 late
636 1947 1011 2003 triangularibus,
1045 1949 1240 2003 patulis3
1275 1949 1479 1992 antheris
1501 1950 1762 2007 linearibus,
1796 1952 2026 1997 filamento
2050 1956 2185 2010 triplo

45 2005 337 2061 longioribus,
371 2006 537 2060 polline
569 2006 705 2049 luteo.

193 2065 309 2108 Hab.
343 2066 391 2107 in
422 2066 555 2121 regni
586 2066 857 2121 Legionens.
892 2066 1077 2121 regione
1109 2069 1343 2112 montana.

192 2146 419 2190 ⁴?1969ter.
455 2147 767 2202 Campanula
798 2146 1085 2191 ficarioides
1118 2149 1251 2192 TIMB.
1285 2149 1430 2193 LAGR.
1466 2149 1529 2206 (O.
1562 2151 1864 2196 rotundifolia
1896 2155 2008 2198 LAP.
2043 2168 2097 2198 ex
2126 2170 2181 2211 p.,

44 2219 135 2249 non
158 2205 222 2261 L.,
247 2206 292 2249 C.
315 2206 481 2260 pusilla
503 2207 765 2251 ZETTERST.
791 2220 880 2249 non
903 2207 1135 2264 HAENKE).
1182 2209 1376 2264 „Radice
1403 2222 1556 2252 crassa
1577 2210 1833 2268 napiformi,
1858 2213 2109 2258 rhizomate
2126 2217 2183 2272 (P)

45 2264 222 2321 diffuso,
246 2265 369 2309 foliis
390 2265 592 2309 inferior.
616 2266 750 2322 longe
768 2267 1014 2322 petiolatis,
1037 2267 1172 2309 limbo
1189 2267 1436 2323 reniformi,
1460 2269 1762 2323 inaequaliter
1780 2273 1981 2329 dentato,
2008 2275 2182 2330 ciliato;

42 2324 120 2367 fol.
154 2326 318 2369 ceteris
349 2325 573 2381 ellipticis,
610 2325 770 2368 obt-use
802 2326 1004 2368 dentatis
1038 2340 1078 2369 v.
1102 2327 1309 2382 integris,
1343 2329 1529 2371 summis
1550 2329 1822 2386 linearibus3
1857 2333 2062 2377 caulibus
2083 2333 2182 2377 her-

43 2384 194 2428 baceis
226 2384 500 2441 1—4-floris,
532 2385 798 2439 pedunculis
830 2385 1054 2438 brevibus,
1091 2387 1259 2429 corolla
1286 2387 1489 2441 apicibus
1512 2388 1593 2445 (sic
1606 2388 1634 2445 ἓ)
1666 2389 1884 2447 barbatis,
1918 2393 2102 2447 pistillis
2125 2394 2182 2450 (Ρ)

44 2444 258 2487 corollam
290 2444 650 2488 excedentibus.“
718 2445 953 2501 (Diagnos.
987 2458 1080 2499 cop.
1115 2459 1170 2488 ex
1201 2445 1319 2490 Bull.
1353 2459 1440 2489 soc.
1474 2447 1564 2491 bot.
1598 2448 1671 2492 Fr.
1708 2448 1836 2505 1862,
1869 2465 1911 2506 p.
1947 2451 2065 2509 182.)

191 2504 247 2547 In
289 2507 442 2547 monte
484 2504 611 2548 Peiia
653 2503 818 2547 blanca
850 2504 1120 2558 Pyrenaeor.
1153 2506 1416 2562 Aragoniae
1450 2506 1626 2563 (Tum,
1669 2508 1776 2551 Pico
1811 2510 1865 2553 de
1899 2511 2183 2568 Sauregarde

103 2576 236 2618 super
267 2564 437 2607 Puerto
470 2564 525 2606 de
556 2565 808 2619 Benasque,
842 2565 975 2607 ΤΙΜΒ.
1013 2564 1128 2608 1870
1158 2569 1276 2608 teste
1307 2566 1443 2609 Losc.
1478 2567 1666 2610 Tratad.
1699 2569 1759 2623 II,
1792 2583 1832 2624 p.
1868 2569 2010 2628 1051).
2044 2596 2100 2603 -
2134 2582 2180 2624 za.

100 2623 173 2665 Au
211 2657 218 2665 .
268 2623 387 2678 Sept.
440 2637 482 2666 n.
515 2636 590 2667 v..

176 2623 438 2726 gO⁷bserv.(
488 2623 682 2738 Veieor,
726 2683 844 2726 hano
876 2683 940 2726 sic
972 2683 1141 2726 dictam
1173 2685 1364 2738 speciem
1397 2684 1462 2727 nil
1495 2698 1592 2728 esse
1625 2686 1713 2729 nisi
1754 2686 1947 2732 formam
1988 2690 2181 2734 corollae

104 2740 218 2785 lobis
250 2741 454 2786 barbatis
486 2742 532 2785 C.
564 2741 910 2785 macrorrhizae.

193 2823 322 2867 1970.
356 2822 670 2879 Campanula
702 2823 1194 2869 ScheuchzeriV1LL.
1249 2826 1468 2869 Provenit
1498 2841 1671 2882 quoque
1702 2829 1751 2872 in
1783 2829 1946 2884 Pyren.
1980 2830 2181 2887 Aragon.

41 2883 158 2939 (Pto.
194 2883 249 2926 de
281 2883 538 2939 Benasque,
574 2884 739 2927 Corin!
774 2883 902 2940 1873,
936 2898 1000 2939 pr.
1035 2885 1200 2940 Bielsa,
1235 2884 1434 2943 CAMPo),
1465 2886 1515 2930 in
1546 2888 1710 2942 Pyren.
1745 2887 1890 2932 Catal.
1923 2891 1971 2932 in
2003 2891 2182 2945 pascuis

42 2946 115 2986 sat
146 2941 289 2997 frequ.
325 2943 522 3000 (Vua).

191 3023 319 3066 1972.
354 3023 671 3080 Campanula
701 3025 1048 3071 macrorrhiza
1078 3027 1119 3071 J.
1154 3026 1255 3070 Gn
1289 3025 1352 3084 (O.
1386 3028 1686 3072 rotundifolia
1717 3037 1759 3085 β.
1794 3031 1995 3074 saxicola
2016 3031 2179 3089 Rour).

41 3082 251 3127 Occurrit
282 3084 421 3127 etiam
452 3085 501 3127 in
531 3098 673 3142 regno
705 3085 889 3134 Valent,
924 3086 990 3142 <in
1021 3088 1174 3129 monte
1206 3085 1374 3143 Mongo
1406 3100 1470 3141 pr.
1504 3088 1665 3144 Denia,
1698 3089 1862 3147 Rom).

189 3163 318 3208 1973.
355 3164 670 3221 campanula
707 3166 957 3212 Herminii
998 3168 1175 3211 HFFGG.
1217 3167 1300 3212 LK.
1363 3169 1583 3214 Provenit
1622 3184 1797 3226 quoque
1842 3173 1892 3215 in
1934 3172 2085 3216 Sierra
2126 3173 2180 3216 de

39 3223 214 3268 Gredos
245 3224 392 3281 (Lea,
425 3225 538 3270 LEv.
573 3224 718 3283 1878).
998 3227 1000 3229 ’

3 3349 10 3356 ,
187 3305 318 3350 1974.
352 3305 666 3362 Campanula
686 3308 1000 3364 persicifolia
1020 3309 1072 3352 L.
1116 3308 1370 3366 Divulgato,
1401 3323 1480 3365 per
1511 3314 1660 3355 totum
1682 3311 1954 3368 Pyrenaeor.
1977 3314 2177 3370 Aragon.

38 3365 240 3410 tractum
271 3366 331 3410 ad
362 3365 442 3410 alt.
477 3365 594 3411 1500
623 3380 669 3411 m
699 3381 840 3423 usque
874 3368 1060 3426 (Losc.)

186 3447 209 3490 ⁴?
227 3445 416 3490 19741212.
450 3447 762 3504 Campanula
792 3449 1163 3506 subpyrenaica
1195 3450 1329 3494 TIMB.
1362 3451 1508 3495 LAGR..
1541 3452 1590 3495 in
1611 3453 1750 3497 Arch.
1786 3453 1841 3497 de
1872 3454 1918 3497 la
1948 3452 1992 3497 fl.
2026 3453 2080 3497 de
2101 3453 2176 3497 Fr.

38 3507 86 3548 et
115 3505 276 3549 Allem.
311 3505 439 3562 1855,
472 3507 602 3552 Fevr.
638 3507 712 3565 (cf.
745 3508 863 3552 Bull.
898 3522 985 3553 soc.
1018 3509 1109 3553 bot.
1143 3509 1217 3552 Fr.
1252 3508 1391 3565 1855,
1423 3523 1465 3566 p.
1500 3511 1586 3555 179
1605 3511 1648 3569 !).
1712 3511 1883 3556 Differt
1913 3526 1941 3556 a
1971 3513 2176 3568 praeced.

39 3565 112 3621 (ex
133 3565 274 3609 descr.
296 3565 482 3610 breviss.
505 3567 554 3610 in
574 3567 763 3625 Bullet.)
795 3568 947 3623 calyce
968 3567 1150 3625 majore,
1183 3568 1289 3623 pilis
1310 3570 1513 3614 arcuatis
1534 3570 1643 3615 latis
1664 3571 1802 3615 dense
1823 3576 1959 3627 tecm,
1992 3570 2178 3615 floribus

37 3622 296 3681 majoribus,
328 3624 452 3670 foliis
483 3626 766 3683 longioribus
797 3633 932 3672 extus
965 3628 1178 3682 arcuatiS,
1213 3627 1459 3673 seminibus
1490 3629 1607 3674 albis
1627 3643 1668 3674 v.
1692 3644 1747 3674 ex
1769 3630 1870 3674 albo
1893 3629 2175 3674 rubentibus.

183 3684 239 3727 In
270 3684 427 3729 Monte
457 3685 641 3729 Serrato
674 3685 821 3730 Catal.
854 3686 1002 3745 (PAU).
1036 3711 1093 3718 —-
1127 3697 1172 3738 ιι.
1207 3687 1267 3744 (n.
1301 3686 1374 3744 v.).

184 3742 300 3787 Hab.
332 3745 381 3787 in
411 3745 575 3800 Pyren.
609 3745 800 3802 gallicis.

126 3824 174 3856 W
184 3825 198 3857 i
207 3824 220 3856 1
229 3824 279 3857 lk
287 3834 309 3858 o
319 3835 356 3857 m
364 3835 402 3858 m
411 3850 420 3868 ,
444 3825 559 3859 Flora
580 3826 791 3867 hispanica.
829 3828 1152 3868 Supplemeutum.
1818 3822 1846 3865 9
