2455 4033
1172 137 1300 196 270

375 303 411 343 (5.
445 298 844 356 geraniifolia
879 298 936 345 (J.
971 295 1104 349 Gn).
1164 294 1317 336 Etiam
1359 293 1405 334 in
1438 292 1651 335 Cantabr.
1685 292 1750 347 (in
1782 291 1988 334 faucibus
2019 291 2121 334 fluv.
2157 293 2294 334 Deva.

447 359 559 401 Lm.
594 360 639 400 et
670 357 780 399 an.
816 354 961 410 1879).

329 430 515 473 42161218.
548 429 708 472 Malva
739 427 992 480 Laqascae
1027 425 1137 467 ΕΑΖ.
1160 425 1272 468 Tus.
1307 424 1333 465 l.
1360 437 1394 466 c.
1430 436 1470 478 p.
1495 423 1574 465 26!
1623 423 1777 477 Longe
1808 421 1986 465 hirsuta
2016 426 2062 464 et
2093 422 2295 465 stellato-

183 491 338 545 pilosa,
373 489 499 531 caule
531 487 688 542 0,6—1
711 500 754 528 m
787 485 893 539 alto,
928 485 1121 536 viscoso3
1154 482 1275 525 foliis
1297 481 1610 536 polymorphis,
1643 480 1843 523 inferior.
1867 481 1979 523 satis
2001 481 2135 537 longe
2156 482 2295 535 petio-

182 549 302 602 latis,
338 545 759 598 suborbicularibus,
793 544 840 586 in
871 543 995 586 lobes
1028 543 1054 584 5
1077 541 1260 584 obtusos
1281 541 1493 583 dentatos
1514 540 1615 595 plus
1635 540 1784 582 minus
1806 538 1976 594 divisis,
2009 539 2297 592 sequentibus

183 608 314 649 valde
346 603 705 648 decrescentibus
728 602 908 645 brevius
933 600 1176 656 petiolatis,
1208 600 1488 642 intermediis
1510 597 1888 652 quinquepartitis
1909 596 2297 652 superioribusque

182 664 427 719 tripartitis
460 662 636 705 laciniis
658 660 854 704 omnium
876 660 1022 703 acutis
1045 664 1091 702 et
1112 662 1244 702 acute
1266 657 1490 711 dentatis;
1522 656 1706 700 floribus
1727 656 2056 711 pedunculatis,
2089 656 2137 699 in
2158 656 2297 699 axilla

182 724 392 766 foliorum
436 734 707 765 summorum
747 718 1131 763 bracteiformium
1178 717 1589 771 approximatorum
1634 728 1953 769 perparvorum
2000 714 2125 769 sitis,
2172 714 2297 769 apice

183 795 406 825 ramorum
437 779 703 823 fasciculum
732 777 1057 830 formantibus3
1100 776 1340 819 bracteolis
1373 774 1613 830 epicalycis
1645 773 1910 827 linearibus,
1943 773 2103 817 tubum
2134 773 2298 828 calycis

183 839 492 894 aequantibus,
527 838 770 893 segmentis
803 836 885 879 cal.
918 834 1280 890 triangularibus
1304 833 1462 888 acutis,
1496 833 1658 888 petalis
1681 832 1889 887 2—-3-p10
1913 832 2062 886 calyce
2085 832 2298 888 longiori-

182 900 276 951 bus,
311 898 527 952 obovatis,
561 895 779 951 profunde
803 895 878 951 (ad
899 893 1095 937 medium
1116 893 1271 949 usque)
1295 893 1477 946 excisis;
1511 891 1718 946 carpellis
1739 892 1903 946 parvis,
1929 891 2059 934 dorso
2081 890 2297 945 pilosulis.

184 983 238 988 -ψ
270 956 418 999 Radix
460 968 638 1012 grossa,
680 954 872 1010 lignosa.
936 952 1088 995 (daulis
1130 951 1330 1006 ramique
1370 951 1452 995 sub
1489 949 1821 994 infiorescentia
1853 948 2059 993 subnudi.
2123 948 2298 1004 Species

183 1015 462 1069 intermedia,
496 1014 615 1057 inter
646 1014 704 1056 M.
737 1011 1093 1055 moschatam
1124 1014 1170 1053 et
1200 1012 1259 1054 M.
1293 1009 1698 1066 fastigiatam.

328 1075 382 1117 In
402 1086 541 1129 regno
564 1072 836 1127 Legionensi,
863 1071 943 1125 (pr.
967 1069 1288 1123 Villa-Obispo,
1322 1070 1548 1118 LAGAscA,
1581 1069 1686 1112 Jun.
1712 1067 1839 1121 1803,
1871 1068 1919 1110 in
1940 1067 2060 1110 herb.
2083 1067 2297 1121 Mardi-it).

243 1141 287 1182 n.
321 1141 379 1189 (n.
414 1133 485 1188 v.).

331 1206 460 1249 4217.
494 1205 656 1248 Malva
687 1202 955 1258 iastiqiata
987 1203 1091 1245 CAV.
1127 1226 1181 1232 —
1214 1202 1322 1244 LAz.
1356 1201 1467 1244 Tuss.
1501 1215 1541 1255 p.
1576 1201 1654 1244 27!
1717 1200 1865 1243 Adde:

373 1282 413 1321 y.
447 1262 754 1307 abulensis
791 1261 880 1304 DC.
923 1261 1000 1317 (M.
1041 1259 1269 1303 abulensis
1308 1260 1416 1303 CAV.
1462 1259 1652 1303 Dissert.
1694 1260 1761 1310 II,
1804 1262 1837 1301 t.
1881 1258 1957 1313 34,
2003 1257 2034 1301 f.
2069 1258 2133 1312 2),
2176 1257 2299 1300 foliis

448 1322 661 1377 superior.
695 1319 1045 1364 cuneiformibus
1077 1318 1297 1375 profunde
1329 1317 1504 1373 trifidis,
1539 1318 1721 1361 fioribus
1753 1317 1907 1372 paucis
1941 1316 2215 1373 glomeratis.

329 1383 384 1425 In
415 1385 565 1424 vetere
597 1380 795 1424 Castella
828 1378 893 1436 (in
925 1378 1074 1422 Sierra
1108 1378 1161 1420 de
1192 1377 1339 1431 Avila,
1374 1378 1511 1433 CAV.)

329 1455 517 1498 4217bis,
550 1453 711 1497 Malva
742 1452 995 1496 Bismalva
1025 1452 1205 1495 BERNH.
1238 1451 1286 1493 in
1308 1451 1437 1494 Hort.
1464 1450 1574 1506 Erf„
1608 1451 1750 1494 chss.
1774 1451 1834 1492 Ic.
1858 1450 1924 1493 ΕΙ.
1949 1463 2086 1505 germ.
2113 1449 2225 1492 helv.
2244 1450 2299 1492 V.

184 1521 215 1558 t.
252 1515 349 1569 172,
381 1513 412 1556 f.
446 1514 585 1557 4845!
627 1513 735 1555 LAz.
770 1513 882 1555 Tne.
916 1525 955 1566 p.
990 1510 1070 1553 28!
1133 1510 1613 1564 Stellato-tomentosa,
1648 1509 1852 1552 caulibus
1884 1508 2059 1551 20-25
2080 1521 2148 1550 cm
2180 1507 2300 1561 altis,

182 1573 306 1616 foliis
336 1572 580 1627 petiolatis,
613 1571 813 1614 inferior.
848 1570 1004 1613 obtuse
1037 1568 1356 1624 quinquelobis,
1390 1569 1488 1612 basi
1518 1568 1789 1623 rotundatis,
1823 1568 2037 1622 superior.
2068 1570 2199 1610 acute
2221 1567 2301 1609 tri—

184 1631 310 1687 lobis,
345 1631 457 1674 lobis
489 1630 686 1674 omnium
717 1630 816 1685 plus
838 1630 986 1672 minus
1008 1629 1216 1683 crenatis,
1252 1627 1429 1682 stipulis
1451 1626 1915 1681 cordato-linearibus,
1948 1627 2078 1669 valde
2101 1626 2301 1679 caducis,

183 1690 447 1746 pedunculis
492 1689 650 1733 folium
696 1688 850 1731 florale
898 1686 1216 1741 aequantibus,
1264 1686 1504 1729 bracteolis
1549 1685 1786 1741 epicalycis
1829 1684 2300 1741 oblongo-linearibus,

185 1749 344 1793 tubum
375 1749 512 1803 calyc.
547 1747 857 1802 aequantibus,
891 1746 1022 1789 lacin.
1055 1745 1192 1800 calyc.
1225 1744 1599 1801 triangularibus,
1632 1745 1796 1799 petalis
1828 1745 1978 1798 calyce
2009 1743 2300 1799 longioribus,

184 1809 283 1851 basi
313 1807 692 1863 triangularibus,
733 1806 930 1849 breviter
963 1804 1277 1860 emarginatis,
1322 1803 1635 1860 irregulariter
1667 1803 1891 1856 dentatis3
1935 1802 2140 1856 carpellis
2171 1802 2302 1845 valde

185 1867 368 1910 villosis.

332 1926 387 1968 In
418 1939 539 1980 prov.
573 1925 752 1968 Madrit.
788 1925 867 1979 (pr.
901 1924 957 1966 El
989 1922 1203 1977 Escorial,
1238 1922 1349 1965 ΕΑΖ.
1385 1928 1431 1965 et
1462 1921 1606 1978 Tun).
1641 1947 1693 1952 —
1729 1932 1773 1973 ει.
1808 1922 1867 1978 (n.
1901 1921 1973 1976 ν.)

333 1985 447 2028 Hab.
481 1984 528 2027 in
560 1985 739 2037 Europa
770 1982 930 2025 media.

334 2058 461 2100 4219.
494 2058 656 2100 Malva
685 2056 892 2100 Morenii
922 2058 1060 2099 Pom..
1114 2055 1343 2098 Observ.
1394 2055 1456 2098 C-l.
1489 2056 1676 2100 LaZARo
1710 2059 1756 2097 et
1777 2055 1982 2098 TUBiLLA
2013 2054 2058 2111 (l.
2083 2068 2117 2096 c.
2141 2067 2181 2108 p.
2205 2053 2302 2108 29ῐ)

186 2118 303 2161 hanc
334 2118 526 2171 speciem
558 2116 738 2173 (saltem
769 2116 973 2170 plantam
1003 2113 1298 2169 hispanicam)
1330 2115 1387 2156 ad
1409 2115 1467 2157 M.
1491 2114 1628 2156 Alcea
1650 2114 1700 2157 L.
1724 2116 1775 2156 ut
1797 2114 2067 2156 varietatem
2097 2120 2140 2167 β.
2163 2112 2299 2155 ducit.

185 2176 442 2220 Certissime
483 2176 541 2219 M.
582 2176 771 2218 Morenii
811 2174 1040 2216 Malvae
1082 2172 1261 2215 Alcea
1304 2173 1434 2216 valde
1477 2171 1628 2215 affinis
1671 2177 1762 2228 est,
1812 2172 1891 2215 sed
1931 2172 2049 2214 idem
2086 2171 2210 2214 valet
2248 2171 2300 2213 de

187 2236 246 2279 M.
279 2235 611 2290 fastigiata
643 2238 688 2276 et
719 2233 777 2276 M.
802 2233 1128 2277 Colmeiroi.
1183 2230 1345 2275 Omnes
1375 2231 1459 2274 hae
1493 2232 1659 2286 species
1691 2231 1836 2285 quoad
1867 2230 2078 2274 foliorum
2097 2229 2302 2286 figuram,

186 2295 499 2337 indumentum
539 2292 782 2346 florumque
824 2291 1183 2347 magnitudinem
1215 2293 1297 2333 etc.
1331 2295 1566 2344 tantopere
1598 2291 1798 2343 variant,
1841 2293 1893 2332 ut
1925 2290 2002 2332 vix
2033 2288 2121 2332 nisi
2151 2301 2303 2342 carpo-

187 2353 316 2407 phori
348 2353 644 2406 carpellorum
675 2351 978 2404 seminumque
1011 2353 1242 2392 structura
1275 2349 1474 2404 specifice
1508 2348 1730 2404 distingui
1760 2349 1946 2403 possint.
2010 2347 2305 2401 Quamobrem

189 2411 525 2454 distinctionem
546 2414 592 2453 et
614 2410 950 2465 dispositionem
971 2409 1130 2452 harum
1151 2409 1397 2463 specierum
1418 2421 1656 2461 earumque
1677 2407 1916 2450 formarem
1932 2420 2035 2450 vere
2051 2406 2306 2449 naturalem

189 2483 280 2512 non
321 2469 410 2514 nisi
451 2470 782 2524 comparatione
820 2467 1169 2524 diligentissima
1199 2481 1392 2522 magnae
1423 2466 1713 2521 speciminum
1743 2465 2040 2509 floriferorum
2070 2468 2116 2508 et
2146 2464 2304 2508 fructi-

189 2528 385 2572 ferorum
418 2529 569 2583 copiae
600 2528 915 2583 perficiendam
947 2540 1041 2570 esse
1075 2539 1315 2570 censemus.
1382 2528 1449 2570 De
1480 2527 1539 2568 M.
1573 2524 1909 2580 Colmeiroi,
1943 2537 2056 2578 quae
2089 2521 2227 2566 etiam
2257 2522 2304 2566 in

191 2587 430 2630 Lusitania
462 2589 631 2630 boreali
663 2589 834 2644 crescit,
870 2589 924 2631 cf.
958 2588 1064 2631 WK.
1097 2587 1267 2630 Illustr.
1300 2586 1358 2640 II,
1391 2599 1431 2640 p.
1465 2585 1563 2638 100,
1596 2587 1628 2626 t.
1663 2583 1880 2627 CXLVII.

192 2719 229 2761 P
337 2661 466 2723 4221.
497 2661 660 2706 Malva
691 2661 1006 2707 althaeoides
1037 2662 1144 2704 CAV.
1189 2660 1424 2728 ⁴Provenit
1467 2659 1605 2701 etiam
1644 2659 1690 2700 in
1731 2670 1852 2711 prov.
1886 2656 2037 2700 Gadit.
2072 2656 2125 2712 (c.
2158 2657 2303 2711 Jerez,

231 2732 303 2762 ER.
336 2719 661 2829 {igggyMalva
693 2779 931 2843 ambigua
963 2788 1098 2831 Guss.
1133 2811 1188 2818 -—
1220 2786 1332 2829 LAz.
1366 2785 1477 2828 Tun.
1510 2798 1551 2838 p.
1584 2784 1663 2827 32!
1725 2783 1852 2825 Adde
1894 2782 2013 2824 loca:
2058 2796 2092 2824 c.
2126 2781 2221 2825 Gea
2261 2784 2306 2823 et

192 2843 460 2887 Albarracin
493 2845 640 2901 (PAU).
704 2846 909 2889 Occurrit
950 2859 1120 2900 quoque
1152 2846 1199 2887 in
1232 2858 1342 2900 agro
1374 2843 1557 2887 Madrit.
1592 2847 1637 2885 et
1668 2842 1887 2884 Toletano
1920 2841 2050 2897 (ΕΑΖ.
2084 2842 2131 2883 et
2162 2838 2304 2894 Tus).

343 2917 471 2960 4224.
504 2918 667 2962 Malva
697 2918 976 2962 nicaeensis
1007 2920 1118 2962 Am..
1143 2944 1199 2951 —-
1220 2919 1330 2961 LAz.
1354 2919 1465 2960 TUB.
1499 2917 1526 2958 l.
1550 2929 1585 2958 c.
1639 2913 1855 2957 Provenit
1885 2926 2057 2967 quoque
2088 2913 2136 2955 in
2167 2925 2306 2968 regno

192 2975 294 3019 Val.
329 2975 410 3032 (pr.
443 2976 654 3020 Orihuela
685 2977 732 3020 in
765 2979 876 3021 colle
908 2978 1157 3034 S.Migue1,
1191 2991 1226 3020 c.
1256 2978 1297 3020 S.
1319 2976 1513 3028 Nicolas,
1545 2973 1691 3029 Rour)
1723 2977 1769 3016 et
1799 2974 1939 3016 Mure.
1973 2972 2038 3029 (in
2071 2970 2203 3015 Cerro
2237 2970 2307 3013 del

193 3033 308 3076 Pino
340 3048 404 3089 pr.
436 3035 602 3091 Hellin,
635 3036 798 3092 Rour).
860 3037 980 3080 Satis
1011 3037 1222 3090 frequens
1252 3037 1301 3078 in
1333 3048 1443 3091 agro
1477 3034 1782 3088 Saragossano
1815 3030 1998 3087 (Losa).

341 3107 469 3151 4226.
501 3109 663 3152 Malva
694 3110 968 3165 parvissora
998 3110 1048 3154 L.
1111 3111 1328 3153 Provenit
1369 3109 1507 3152 etiam
1547 3108 1595 3149 in
1638 3106 1758 3148 omni
1788 3106 1987 3160 Aragon.
2019 3103 2230 3147 inferiore
2262 3107 2308 3145 et

195 3167 388 3210 australi
420 3167 590 3224 (Loso.)
623 3173 668 3211 et
698 3182 838 3224 regno
870 3170 1050 3213 Valent.
1085 3169 1138 3226 (c.
1173 3170 1439 3224 Saguntum,
1473 3165 1681 3221 Segorbe,
1713 3164 1844 3220 PAU).
1877 3188 1934 3194 —
1964 3163 2110 3206 Adde:

384 3234 426 3280 β.
458 3225 826 3281 microcarpa
856 3228 1033 3285 (Dnsr.)
1064 3229 1199 3272 Losc.
1224 3228 1348 3270 Trat.
1370 3226 1429 3280 pl.
1452 3226 1591 3280 Arag.
1613 3224 1673 3277 II,
1706 3237 1747 3277 p.
1771 3220 2027 3265 203—2051
2060 3221 2136 3278 (M.
2160 3218 2307 3275 parvi-

460 3285 571 3327 flora
602 3286 714 3328 ΑΜ..
741 3290 786 3329 et
809 3287 945 3342 CAV).
998 3288 1152 3330 Etiam
1183 3285 1229 3328 in
1261 3298 1401 3341 regno
1423 3284 1603 3328 Valent.
1638 3286 1684 3325 et
1714 3281 1853 3324 Mure.
1888 3280 1941 3337 (c.
1965 3278 2191 3332 Orihuela,
2224 3277 2306 3321 int.

459 3344 679 3386 Murciam
710 3347 755 3386 et
786 3345 1043 3401 Algezares,
1076 3346 1221 3399 Rome,
1253 3358 1317 3398 pr.
1351 3344 1621 3398 Cartagena‚
1654 3342 1816 3385 PORTA
1847 3342 1893 3382 et
1923 3340 2058 3395 R1eo,
2091 3336 2238 3394 1890).

345 3401 575 3445 Observ.
629 3402 765 3446 Beat.
799 3404 974 3448 Loseos
1007 3404 1035 3446 l.
1069 3417 1104 3446 c.
1139 3402 1303 3458 optime
1336 3401 1682 3455 demonstravit,
1725 3400 1784 3442 M.
1816 3398 2136 3452 microcarpam
2167 3397 2307 3439 Dnsr.

256 3459 322 3501 nil
362 3472 457 3502 esse
499 3461 587 3503 nisi
627 3460 816 3503 formam
861 3475 1059 3504 macram
1099 3462 1159 3505 M.
1202 3460 1493 3516 parviflorae,
1542 3459 1635 3503 solo
1679 3458 1802 3502 arido
1845 3456 1990 3501 sterili
2030 3455 2307 3510 productam.

257 3518 550 3571 Quamobrem
580 3531 700 3562 num.
733 3519 846 3561 4227
880 3520 1093 3564 delendus
1125 3523 1206 3563 est.

345 3583 474 3627 4229.
507 3585 754 3628 Lavatera
785 3585 970 3629 cretica
1001 3587 1051 3629 L.
1086 3611 1141 3617 —
1173 3587 1284 3629 ΕΑΖ.
1319 3587 1430 3629 TUB.
1463 3598 1503 3639 p.
1538 3584 1616 3626 14!
1678 3582 1804 3625 Adde
1835 3581 1954 3623 loca:
1988 3567 2211 3622 in⁰CataL
2244 3591 2308 3632 pr.

200 3640 332 3684 Olesa
354 3642 408 3685 de
428 3643 695 3697 Monserrat,
728 3644 968 3699 Monjuich,
995 3645 1243 3688 Barcelona
1266 3644 1463 3701 (Vua),
1486 3642 1769 3696 Montalegre
1791 3638 1996 3696 (TREM.);
2028 3651 2093 3692 pr.
2117 3636 2310 3692 Segorbe

200 3698 354 3755 (PAu),
387 3702 544 3744 Jativa
575 3702 760 3758 (Rour),
798 3703 879 3745 int.
913 3702 1084 3746 Murcia
1117 3707 1162 3746 et
1193 3703 1439 3759 Algezares
1470 3700 1649 3759 (Rom),
1683 3698 1986 3757 Gibraltariae
2019 3696 2211 3753 (DAsoi),
2244 3708 2309 3749 pr.

200 3755 343 3812 Jerez,
378 3757 514 3801 Cadiz
547 3759 678 3815 (PER.
711 3760 876 3816 LARA).
